{"id": "battle-gen9randombattle-22", "formatid": "gen9randombattle", "format": "[Gen 9] Random Battle", "players": ["p0x0229856", "p0y0228352"], "log": "|init|battle\n|title|p0x0229856 vs. p0y0228352\n|j|\u2606p0x0229856\n|j|\u2606p0y0228352\n|t:|1783399979\n|gametype|singles\n|player|p1|p0x0229856|265|\n|player|p2|p0y0228352|266|\n|gen|9\n|tier|[Gen 9] Random Battle\n|rule|Species Clause: Limit one of each Pok\u00e9mon\n|rule|HP Percentage Mod: HP is shown in percentages\n|rule|Sleep Clause Mod: Limit one foe put to sleep\n|rule|Illusion Level Mod: Illusion disguises the Pok\u00e9mon's true level\n|\n|t:|1783399979\n|teamsize|p1|6\n|teamsize|p2|6\n|start\n|switch|p1a: Maushold|Maushold-Four, L76|100/100\n|switch|p2a: Misdreavus|Misdreavus, L90, F|254/254\n|turn|1\n|inactive|Battle timer is ON: inactive players will automatically lose when time's up. (requested by p0y0228352)\n|inactive|p0x0229856 also wants the timer to be on.\n|\n|t:|1783399979\n|move|p1a: Maushold|Tidy Up|p1a: Maushold\n|-boost|p1a: Maushold|atk|1\n|-boost|p1a: Maushold|spe|1\n|move|p2a: Misdreavus|Will-O-Wisp|p1a: Maushold\n|-status|p1a: Maushold|brn\n|\n|-damage|p1a: Maushold|95/100 brn|[from] brn\n|upkeep\n|turn|2\n|inactive|Time left: 300 sec this turn | 300 sec total\n|\n|t:|1783399980\n|switch|p2a: Scrafty|Scrafty, L83, F|244/244\n|-ability|p2a: Scrafty|Intimidate|boost\n|-unboost|p1a: Maushold|atk|1\n|move|p1a: Maushold|Tidy Up|p1a: Maushold\n|-boost|p1a: Maushold|atk|1\n|-boost|p1a: Maushold|spe|1\n|\n|-damage|p1a: Maushold|89/100 brn|[from] brn\n|upkeep\n|turn|3\n|inactive|Time left: 300 sec this turn | 300 sec total\n|\n|t:|1783399980\n|move|p1a: Maushold|Tidy Up|p1a: Maushold\n|-boost|p1a: Maushold|atk|1\n|-boost|p1a: Maushold|spe|1\n|move|p2a: Scrafty|Knock Off|p1a: Maushold\n|-damage|p1a: Maushold|32/100 brn\n|-enditem|p1a: Maushold|Wide Lens|[from] move: Knock Off|[of] p2a: Scrafty\n|\n|-damage|p1a: Maushold|26/100 brn|[from] brn\n|upkeep\n|turn|4\n|inactive|Time left: 300 sec this turn | 300 sec total\n|\n|t:|1783399980\n|move|p1a: Maushold|Population Bomb|p2a: Scrafty\n|-damage|p2a: Scrafty|225/244\n|-damage|p2a: Scrafty|207/244\n|-crit|p2a: Scrafty\n|-damage|p2a: Scrafty|178/244\n|-damage|p2a: Scrafty|160/244\n|-crit|p2a: Scrafty\n|-damage|p2a: Scrafty|132/244\n|-damage|p2a: Scrafty|114/244\n|-damage|p2a: Scrafty|95/244\n|-damage|p2a: Scrafty|77/244\n|-damage|p2a: Scrafty|61/244\n|-damage|p2a: Scrafty|41/244\n|-hitcount|p2a: Scrafty|10\n|move|p2a: Scrafty|Poison Jab|p1a: Maushold\n|-damage|p1a: Maushold|0 fnt\n|faint|p1a: Maushold\n|\n|-heal|p2a: Scrafty|56/244|[from] item: Leftovers\n|upkeep\n|\n|t:|1783399980\n|switch|p1a: Staraptor|Staraptor, L79, F|100/100\n|turn|5\n|inactive|Time left: 300 sec this turn | 300 sec total\n|\n|t:|1783399981\n|switch|p2a: Klawf|Klawf, L90, M|272/272\n|move|p1a: Staraptor|Brave Bird|p2a: Klawf\n|-resisted|p2a: Klawf\n|-damage|p2a: Klawf|176/272\n|-damage|p1a: Staraptor|88/100|[from] Recoil\n|\n|upkeep\n|turn|6\n|inactive|Time left: 300 sec this turn | 300 sec total\n|\n|t:|1783399981\n|move|p1a: Staraptor|Brave Bird|p2a: Klawf\n|-resisted|p2a: Klawf\n|-damage|p2a: Klawf|83/272\n|-damage|p1a: Staraptor|77/100|[from] Recoil\n|-ability|p2a: Klawf|Anger Shell|boost\n|-boost|p2a: Klawf|atk|1\n|-boost|p2a: Klawf|spa|1\n|-boost|p2a: Klawf|spe|1\n|-unboost|p2a: Klawf|def|1\n|-unboost|p2a: Klawf|spd|1\n|move|p2a: Klawf|Stone Edge|p1a: Staraptor\n|-supereffective|p1a: Staraptor\n|-damage|p1a: Staraptor|0 fnt\n|faint|p1a: Staraptor\n|\n|upkeep\n|\n|t:|1783399981\n|switch|p1a: Exeggutor|Exeggutor, L89, F|100/100\n|turn|7\n|inactive|Time left: 300 sec this turn | 300 sec total\n|\n|t:|1783399981\n|switch|p2a: Scrafty|Scrafty, L83, F|56/244\n|-ability|p2a: Scrafty|Intimidate|boost\n|-unboost|p1a: Exeggutor|atk|1\n|move|p1a: Exeggutor|Giga Drain|p2a: Scrafty\n|-damage|p2a: Scrafty|0 fnt\n|faint|p2a: Scrafty\n|\n|upkeep\n|inactive|Time left: 300 sec this turn | 300 sec total | 5 sec grace\n|\n|t:|1783399982\n|switch|p2a: Cacturne|Cacturne, L92, M|278/278\n|turn|8\n|inactive|Time left: 300 sec this turn | 300 sec total\n|\n|t:|1783399982\n|switch|p1a: Lokix|Lokix, L82, F|100/100\n|move|p2a: Cacturne|Knock Off|p1a: Lokix\n|-resisted|p1a: Lokix\n|-damage|p1a: Lokix|63/100\n|-enditem|p1a: Lokix|Life Orb|[from] move: Knock Off|[of] p2a: Cacturne\n|-damage|p2a: Cacturne|251/278|[from] item: Life Orb\n|\n|upkeep\n|turn|9\n|inactive|Time left: 300 sec this turn | 300 sec total\n|\n|t:|1783399982\n|switch|p2a: Misdreavus|Misdreavus, L90, F|254/254\n|move|p1a: Lokix|Leech Life|p2a: Misdreavus\n|-resisted|p2a: Misdreavus\n|-damage|p2a: Misdreavus|188/254\n|-heal|p1a: Lokix|76/100|[from] drain|[of] p2a: Misdreavus\n|\n|upkeep\n|turn|10\n|inactive|Time left: 300 sec this turn | 300 sec total\n|\n|t:|1783399982\n|-terastallize|p2a: Misdreavus|Fairy\n|move|p2a: Misdreavus|Draining Kiss|p1a: Lokix\n|-supereffective|p1a: Lokix\n|-damage|p1a: Lokix|0 fnt\n|-heal|p2a: Misdreavus|254/254|[from] drain|[of] p1a: Lokix\n|faint|p1a: Lokix\n|\n|upkeep\n|\n|t:|1783399983\n|switch|p1a: Plusle|Plusle, L95, M|100/100\n|turn|11\n|inactive|Time left: 300 sec this turn | 300 sec total\n|\n|t:|1783399983\n|move|p1a: Plusle|Nasty Plot|p1a: Plusle\n|-boost|p1a: Plusle|spa|2\n|move|p2a: Misdreavus|Calm Mind|p2a: Misdreavus\n|-boost|p2a: Misdreavus|spa|1\n|-boost|p2a: Misdreavus|spd|1\n|\n|upkeep\n|turn|12\n|inactive|Time left: 300 sec this turn | 300 sec total\n|\n|t:|1783399983\n|move|p1a: Plusle|Encore|p2a: Misdreavus\n|-start|p2a: Misdreavus|Encore\n|move|p2a: Misdreavus|Calm Mind|p2a: Misdreavus\n|-boost|p2a: Misdreavus|spa|1\n|-boost|p2a: Misdreavus|spd|1\n|\n|upkeep\n|turn|13\n|inactive|Time left: 300 sec this turn | 300 sec total\n|\n|t:|1783399983\n|switch|p2a: Cacturne|Cacturne, L92, M|251/278\n|-terastallize|p1a: Plusle|Fairy\n|move|p1a: Plusle|Thunderbolt|p2a: Cacturne\n|-resisted|p2a: Cacturne\n|-damage|p2a: Cacturne|65/278\n|-damage|p1a: Plusle|91/100|[from] item: Life Orb\n|\n|upkeep\n|turn|14\n|inactive|Time left: 300 sec this turn | 300 sec total\n|\n|t:|1783399983\n|move|p1a: Plusle|Thunderbolt|p2a: Cacturne\n|-resisted|p2a: Cacturne\n|-damage|p2a: Cacturne|0 fnt\n|faint|p2a: Cacturne\n|-damage|p1a: Plusle|81/100|[from] item: Life Orb\n|\n|upkeep\n|inactive|Time left: 300 sec this turn | 300 sec total | 5 sec grace\n|\n|t:|1783399984\n|switch|p2a: Barraskewda|Barraskewda, L81, M|231/231\n|turn|15\n|inactive|Time left: 300 sec this turn | 300 sec total\n|\n|t:|1783399984\n|switch|p1a: Exeggutor|Exeggutor, L89, F|100/100\n|move|p2a: Barraskewda|Flip Turn|p1a: Exeggutor\n|-resisted|p1a: Exeggutor\n|-damage|p1a: Exeggutor|85/100\n|inactive|Time left: 300 sec this turn | 300 sec total | 5 sec grace\n|\n|t:|1783399984\n|switch|p2a: Misdreavus|Misdreavus, L90, F, tera:Fairy|254/254|[from] Flip Turn\n|\n|upkeep\n|turn|16\n|inactive|Time left: 300 sec this turn | 300 sec total\n|\n|t:|1783399984\n|move|p2a: Misdreavus|Shadow Ball|p1a: Exeggutor\n|-supereffective|p1a: Exeggutor\n|-damage|p1a: Exeggutor|23/100\n|-unboost|p1a: Exeggutor|spd|1\n|-enditem|p1a: Exeggutor|Sitrus Berry|[eat]\n|-heal|p1a: Exeggutor|48/100|[from] item: Sitrus Berry\n|move|p1a: Exeggutor|Calm Mind|p1a: Exeggutor\n|-boost|p1a: Exeggutor|spa|1\n|-boost|p1a: Exeggutor|spd|1\n|\n|-item|p1a: Exeggutor|Sitrus Berry|[from] ability: Harvest\n|upkeep\n|-enditem|p1a: Exeggutor|Sitrus Berry|[eat]\n|-heal|p1a: Exeggutor|73/100|[from] item: Sitrus Berry\n|turn|17\n|inactive|Time left: 300 sec this turn | 300 sec total\n|\n|t:|1783399985\n|move|p2a: Misdreavus|Shadow Ball|p1a: Exeggutor\n|-supereffective|p1a: Exeggutor\n|-damage|p1a: Exeggutor|8/100\n|-unboost|p1a: Exeggutor|spd|1\n|move|p1a: Exeggutor|Psychic|p2a: Misdreavus\n|-damage|p2a: Misdreavus|137/254\n|\n|upkeep\n|turn|18\n|inactive|Time left: 300 sec this turn | 300 sec total\n|\n|t:|1783399985\n|move|p2a: Misdreavus|Draining Kiss|p1a: Exeggutor\n|-damage|p1a: Exeggutor|0 fnt\n|-heal|p2a: Misdreavus|154/254|[from] drain|[of] p1a: Exeggutor\n|faint|p1a: Exeggutor\n|\n|upkeep\n|\n|t:|1783399985\n|switch|p1a: Plusle|Plusle, L95, M, tera:Fairy|81/100\n|turn|19\n|inactive|Time left: 300 sec this turn | 300 sec total\n|\n|t:|1783399985\n|move|p1a: Plusle|Nasty Plot|p1a: Plusle\n|-boost|p1a: Plusle|spa|2\n|move|p2a: Misdreavus|Draining Kiss|p1a: Plusle\n|-damage|p1a: Plusle|55/100\n|-heal|p2a: Misdreavus|206/254|[from] drain|[of] p1a: Plusle\n|\n|upkeep\n|turn|20\n|inactive|Time left: 300 sec this turn | 300 sec total\n|\n|t:|1783399986\n|switch|p2a: Barraskewda|Barraskewda, L81, M|231/231\n|move|p1a: Plusle|Nasty Plot|p1a: Plusle\n|-boost|p1a: Plusle|spa|2\n|\n|upkeep\n|turn|21\n|inactive|Time left: 300 sec this turn | 300 sec total\n|\n|t:|1783399986\n|switch|p1a: Iron Bundle|Iron Bundle, L78|100/100\n|move|p2a: Barraskewda|Flip Turn|p1a: Iron Bundle\n|-resisted|p1a: Iron Bundle\n|-damage|p1a: Iron Bundle|77/100\n|inactive|Time left: 300 sec this turn | 300 sec total | 5 sec grace\n|\n|t:|1783399986\n|switch|p2a: Misdreavus|Misdreavus, L90, F, tera:Fairy|206/254|[from] Flip Turn\n|\n|upkeep\n|turn|22\n|inactive|Time left: 300 sec this turn | 300 sec total\n|\n|t:|1783399986\n|move|p1a: Iron Bundle|Ice Beam|p2a: Misdreavus\n|-damage|p2a: Misdreavus|116/254\n|move|p2a: Misdreavus|Draining Kiss|p1a: Iron Bundle\n|-damage|p1a: Iron Bundle|34/100\n|-heal|p2a: Misdreavus|184/254|[from] drain|[of] p1a: Iron Bundle\n|\n|upkeep\n|turn|23\n|inactive|Time left: 300 sec this turn | 300 sec total\n|\n|t:|1783399987\n|-end|p1a: Iron Bundle|Quark Drive|[silent]\n|switch|p1a: Plusle|Plusle, L95, M, tera:Fairy|55/100\n|move|p2a: Misdreavus|Draining Kiss|p1a: Plusle\n|-damage|p1a: Plusle|29/100\n|-heal|p2a: Misdreavus|237/254|[from] drain|[of] p1a: Plusle\n|\n|upkeep\n|turn|24\n|inactive|Time left: 300 sec this turn | 300 sec total\n|\n|t:|1783399987\n|move|p1a: Plusle|Thunderbolt|p2a: Misdreavus\n|-damage|p2a: Misdreavus|143/254\n|-damage|p1a: Plusle|20/100|[from] item: Life Orb\n|move|p2a: Misdreavus|Shadow Ball|p1a: Plusle\n|-damage|p1a: Plusle|0 fnt\n|faint|p1a: Plusle\n|\n|upkeep\n|\n|t:|1783399987\n|switch|p1a: Iron Bundle|Iron Bundle, L78|34/100\n|turn|25\n|inactive|Time left: 300 sec this turn | 300 sec total\n|\n|t:|1783399987\n|move|p1a: Iron Bundle|Ice Beam|p2a: Misdreavus\n|-damage|p2a: Misdreavus|40/254\n|move|p2a: Misdreavus|Shadow Ball|p1a: Iron Bundle\n|-damage|p1a: Iron Bundle|0 fnt\n|faint|p1a: Iron Bundle\n|-end|p1a: Iron Bundle|Quark Drive|[silent]\n|\n|win|p0y0228352", "uploadtime": 1783399987, "views": 0, "rating": 0, "private": 0, "password": null, "_winner": "p0y0228352", "_our_name": "p0y0228352"}52", "uploadtime": 1783399987, "views": 0, "rating": 0, "private": 0, "password": null, "_winner": "p0y0228352", "_our_name": "p0x0229856"}