{"id": "battle-gen9randombattle-329", "formatid": "gen9randombattle", "format": "[Gen 9] Random Battle", "players": ["p0x007a63c", "p0y007a04f"], "log": "|init|battle\n|title|p0x007a63c vs. p0y007a04f\n|j|\u2606p0x007a63c\n|j|\u2606p0y007a04f\n|t:|1783394552\n|gametype|singles\n|player|p1|p0x007a63c|169|\n|player|p2|p0y007a04f|101|\n|gen|9\n|tier|[Gen 9] Random Battle\n|rule|Species Clause: Limit one of each Pok\u00e9mon\n|rule|HP Percentage Mod: HP is shown in percentages\n|rule|Sleep Clause Mod: Limit one foe put to sleep\n|rule|Illusion Level Mod: Illusion disguises the Pok\u00e9mon's true level\n|\n|t:|1783394552\n|teamsize|p1|6\n|teamsize|p2|6\n|start\n|switch|p1a: Cramorant|Cramorant, L86, M|261/261\n|switch|p2a: Weavile|Weavile, L79, F|100/100\n|turn|1\n|inactive|Battle timer is ON: inactive players will automatically lose when time's up. (requested by p0x007a63c)\n|inactive|p0y007a04f also wants the timer to be on.\n|\n|t:|1783394552\n|switch|p1a: Kingambit|Kingambit, L74, F|270/270\n|move|p2a: Weavile|Triple Axel|p1a: Kingambit\n|-resisted|p1a: Kingambit\n|-damage|p1a: Kingambit|254/270\n|-resisted|p1a: Kingambit\n|-damage|p1a: Kingambit|224/270\n|-resisted|p1a: Kingambit\n|-damage|p1a: Kingambit|181/270\n|-hitcount|p1a: Kingambit|3\n|\n|-heal|p1a: Kingambit|197/270|[from] item: Leftovers\n|upkeep\n|turn|2\n|inactive|Time left: 300 sec this turn | 300 sec total\n|\n|t:|1783394552\n|-terastallize|p1a: Kingambit|Flying\n|move|p2a: Weavile|Triple Axel|p1a: Kingambit\n|-supereffective|p1a: Kingambit\n|-damage|p1a: Kingambit|141/270\n|-supereffective|p1a: Kingambit\n|-damage|p1a: Kingambit|31/270\n|-supereffective|p1a: Kingambit\n|-damage|p1a: Kingambit|0 fnt\n|faint|p1a: Kingambit\n|-end|p1a: Kingambit|fallenundefined|[silent]\n|-hitcount|p1: Kingambit|3\n|\n|upkeep\n|inactive|Time left: 300 sec this turn | 300 sec total | 5 sec grace\n|\n|t:|1783394553\n|switch|p1a: Necrozma|Necrozma-Dusk-Mane, L69|248/248\n|turn|3\n|inactive|Time left: 300 sec this turn | 300 sec total\n|\n|t:|1783394553\n|switch|p2a: Basculegion|Basculegion, L80, M|100/100\n|move|p1a: Necrozma|Sunsteel Strike|p2a: Basculegion\n|-resisted|p2a: Basculegion\n|-damage|p2a: Basculegion|78/100\n|\n|upkeep\n|turn|4\n|inactive|Time left: 300 sec this turn | 300 sec total\n|\n|t:|1783394553\n|switch|p1a: Lumineon|Lumineon, L93, M|279/279\n|move|p2a: Basculegion|Wave Crash|p1a: Lumineon\n|-ability|p1a: Lumineon|Storm Drain|boost\n|-boost|p1a: Lumineon|spa|1\n|\n|upkeep\n|turn|5\n|inactive|Time left: 300 sec this turn | 300 sec total\n|\n|t:|1783394553\n|move|p1a: Lumineon|Ice Beam|p2a: Basculegion\n|-resisted|p2a: Basculegion\n|-damage|p2a: Basculegion|68/100\n|move|p2a: Basculegion|Shadow Ball|p1a: Lumineon\n|-damage|p1a: Lumineon|187/279\n|-unboost|p1a: Lumineon|spd|1\n|\n|upkeep\n|turn|6\n|inactive|Time left: 300 sec this turn | 300 sec total\n|\n|t:|1783394554\n|move|p1a: Lumineon|Ice Beam|p2a: Basculegion\n|-resisted|p2a: Basculegion\n|-damage|p2a: Basculegion|57/100\n|move|p2a: Basculegion|Shadow Ball|p1a: Lumineon\n|-damage|p1a: Lumineon|55/279\n|\n|upkeep\n|turn|7\n|inactive|Time left: 300 sec this turn | 300 sec total\n|\n|t:|1783394554\n|move|p1a: Lumineon|Hydro Pump|p2a: Basculegion\n|-resisted|p2a: Basculegion\n|-crit|p2a: Basculegion\n|-damage|p2a: Basculegion|29/100\n|move|p2a: Basculegion|Shadow Ball|p1a: Lumineon\n|-damage|p1a: Lumineon|0 fnt\n|faint|p1a: Lumineon\n|\n|upkeep\n|inactive|Time left: 300 sec this turn | 300 sec total | 5 sec grace\n|\n|t:|1783394554\n|switch|p1a: Cramorant|Cramorant, L86, M|261/261\n|turn|8\n|inactive|Time left: 300 sec this turn | 300 sec total\n|\n|t:|1783394554\n|switch|p2a: Weavile|Weavile, L79, F|100/100\n|move|p1a: Cramorant|Surf|p2a: Weavile\n|-formechange|p1a: Cramorant|Cramorant-Gulping|\n|-crit|p2a: Weavile\n|-damage|p2a: Weavile|39/100\n|\n|upkeep\n|turn|9\n|inactive|Time left: 300 sec this turn | 300 sec total\n|\n|t:|1783394555\n|move|p2a: Weavile|Triple Axel|p1a: Cramorant\n|-damage|p1a: Cramorant|218/261\n|-damage|p2a: Weavile|14/100|[from] ability: Gulp Missile|[of] p1a: Cramorant\n|-unboost|p2a: Weavile|def|1\n|-formechange|p1a: Cramorant|Cramorant|\n|-damage|p1a: Cramorant|131/261\n|-damage|p1a: Cramorant|0 fnt\n|faint|p1a: Cramorant\n|-hitcount|p1: Cramorant|3\n|\n|upkeep\n|inactive|Time left: 300 sec this turn | 300 sec total | 5 sec grace\n|\n|t:|1783394555\n|switch|p1a: Necrozma|Necrozma-Dusk-Mane, L69|248/248\n|turn|10\n|inactive|Time left: 300 sec this turn | 300 sec total\n|\n|t:|1783394555\n|move|p2a: Weavile|Triple Axel|p1a: Necrozma\n|-resisted|p1a: Necrozma\n|-damage|p1a: Necrozma|233/248\n|-resisted|p1a: Necrozma\n|-damage|p1a: Necrozma|204/248\n|-resisted|p1a: Necrozma\n|-damage|p1a: Necrozma|155/248\n|-hitcount|p1a: Necrozma|3\n|move|p1a: Necrozma|Dragon Dance|p1a: Necrozma\n|-boost|p1a: Necrozma|atk|1\n|-boost|p1a: Necrozma|spe|1\n|\n|upkeep\n|turn|11\n|inactive|Time left: 300 sec this turn | 300 sec total\n|\n|t:|1783394555\n|move|p2a: Weavile|Triple Axel|p1a: Necrozma\n|-resisted|p1a: Necrozma\n|-damage|p1a: Necrozma|140/248\n|-resisted|p1a: Necrozma\n|-damage|p1a: Necrozma|109/248\n|-resisted|p1a: Necrozma\n|-damage|p1a: Necrozma|66/248\n|-hitcount|p1a: Necrozma|3\n|move|p1a: Necrozma|Dragon Dance|p1a: Necrozma\n|-boost|p1a: Necrozma|atk|1\n|-boost|p1a: Necrozma|spe|1\n|\n|upkeep\n|turn|12\n|inactive|Time left: 300 sec this turn | 300 sec total\n|\n|t:|1783394556\n|move|p1a: Necrozma|Earthquake|p2a: Weavile\n|-damage|p2a: Weavile|0 fnt\n|faint|p2a: Weavile\n|\n|upkeep\n|\n|t:|1783394556\n|switch|p2a: Minun|Minun, L95, F|100/100\n|turn|13\n|inactive|Time left: 300 sec this turn | 300 sec total\n|\n|t:|1783394556\n|switch|p2a: Basculegion|Basculegion, L80, M|29/100\n|move|p1a: Necrozma|Photon Geyser|p2a: Basculegion\n|-damage|p2a: Basculegion|0 fnt\n|faint|p2a: Basculegion\n|\n|upkeep\n|\n|t:|1783394556\n|switch|p2a: Slowking|Slowking-Galar, L85, M|100/100\n|turn|14\n|inactive|Time left: 300 sec this turn | 300 sec total\n|\n|t:|1783394557\n|-terastallize|p2a: Slowking|Water\n|move|p1a: Necrozma|Earthquake|p2a: Slowking\n|-damage|p2a: Slowking|46/100\n|move|p2a: Slowking|Surf|p1a: Necrozma\n|-damage|p1a: Necrozma|0 fnt\n|faint|p1a: Necrozma\n|\n|upkeep\n|inactive|Time left: 300 sec this turn | 300 sec total | 5 sec grace\n|\n|t:|1783394557\n|switch|p1a: Staraptor|Staraptor, L79, M|263/263\n|turn|15\n|inactive|Time left: 300 sec this turn | 300 sec total\n|\n|t:|1783394557\n|switch|p2a: Wigglytuff|Wigglytuff, L96, F|100/100\n|move|p1a: Staraptor|Double-Edge|p2a: Wigglytuff\n|-damage|p2a: Wigglytuff|24/100\n|-damage|p1a: Staraptor|156/263|[from] Recoil\n|\n|-heal|p2a: Wigglytuff|30/100|[from] item: Leftovers\n|upkeep\n|turn|16\n|inactive|Time left: 300 sec this turn | 300 sec total\n|\n|t:|1783394557\n|switch|p2a: Goodra|Goodra-Hisui, L82, F|100/100\n|move|p1a: Staraptor|Double-Edge|p2a: Goodra\n|-resisted|p2a: Goodra\n|-damage|p2a: Goodra|60/100\n|-damage|p1a: Staraptor|120/263|[from] Recoil\n|\n|upkeep\n|turn|17\n|inactive|Time left: 300 sec this turn | 300 sec total\n|\n|t:|1783394558\n|move|p1a: Staraptor|Double-Edge|p2a: Goodra\n|-resisted|p2a: Goodra\n|-damage|p2a: Goodra|17/100\n|-damage|p1a: Staraptor|83/263|[from] Recoil\n|move|p2a: Goodra|Fire Blast|p1a: Staraptor\n|-damage|p1a: Staraptor|0 fnt\n|faint|p1a: Staraptor\n|\n|upkeep\n|inactive|Time left: 300 sec this turn | 300 sec total | 5 sec grace\n|\n|t:|1783394558\n|switch|p1a: Iron Boulder|Iron Boulder, L77|265/265\n|turn|18\n|inactive|Time left: 300 sec this turn | 300 sec total\n|\n|t:|1783394558\n|move|p1a: Iron Boulder|Swords Dance|p1a: Iron Boulder\n|-boost|p1a: Iron Boulder|atk|2\n|move|p2a: Goodra|Heavy Slam|p1a: Iron Boulder\n|-supereffective|p1a: Iron Boulder\n|-damage|p1a: Iron Boulder|121/265\n|\n|upkeep\n|turn|19\n|inactive|Time left: 300 sec this turn | 300 sec total\n|\n|t:|1783394558\n|move|p1a: Iron Boulder|Mighty Cleave|p2a: Goodra\n|-resisted|p2a: Goodra\n|-damage|p2a: Goodra|0 fnt\n|faint|p2a: Goodra\n|-damage|p1a: Iron Boulder|95/265|[from] item: Life Orb\n|\n|upkeep\n|\n|t:|1783394559\n|switch|p2a: Slowking|Slowking-Galar, L85, M, tera:Water|79/100\n|turn|20\n|inactive|Time left: 300 sec this turn | 300 sec total\n|\n|t:|1783394559\n|move|p1a: Iron Boulder|Mighty Cleave|p2a: Slowking\n|-damage|p2a: Slowking|0 fnt\n|faint|p2a: Slowking\n|-damage|p1a: Iron Boulder|69/265|[from] item: Life Orb\n|\n|upkeep\n|\n|t:|1783394559\n|switch|p2a: Minun|Minun, L95, F|100/100\n|turn|21\n|inactive|Time left: 300 sec this turn | 300 sec total\n|\n|t:|1783394559\n|move|p1a: Iron Boulder|Mighty Cleave|p2a: Minun\n|-damage|p2a: Minun|0 fnt\n|faint|p2a: Minun\n|-damage|p1a: Iron Boulder|43/265|[from] item: Life Orb\n|\n|upkeep\n|\n|t:|1783394559\n|switch|p2a: Wigglytuff|Wigglytuff, L96, F|30/100\n|turn|22\n|inactive|Time left: 300 sec this turn | 300 sec total\n|\n|t:|1783394560\n|move|p1a: Iron Boulder|Close Combat|p2a: Wigglytuff\n|-damage|p2a: Wigglytuff|0 fnt\n|-unboost|p1a: Iron Boulder|def|1\n|-unboost|p1a: Iron Boulder|spd|1\n|faint|p2a: Wigglytuff\n|-damage|p1a: Iron Boulder|17/265|[from] item: Life Orb\n|\n|win|p0x007a63c", "uploadtime": 1783394560, "views": 0, "rating": 0, "private": 0, "password": null, "_winner": "p0x007a63c", "_our_name": "p0x007a63c"}