{"id": "battle-gen9randombattle-323", "formatid": "gen9randombattle", "format": "[Gen 9] Random Battle", "players": ["p0x001e7ca", "p0y0014eda"], "log": "|init|battle\n|title|p0x001e7ca vs. p0y0014eda\n|j|\u2606p0x001e7ca\n|j|\u2606p0y0014eda\n|t:|1783394456\n|gametype|singles\n|player|p1|p0x001e7ca|101|\n|player|p2|p0y0014eda|1|\n|gen|9\n|tier|[Gen 9] Random Battle\n|rule|Species Clause: Limit one of each Pok\u00e9mon\n|rule|HP Percentage Mod: HP is shown in percentages\n|rule|Sleep Clause Mod: Limit one foe put to sleep\n|rule|Illusion Level Mod: Illusion disguises the Pok\u00e9mon's true level\n|\n|t:|1783394456\n|teamsize|p1|6\n|teamsize|p2|6\n|start\n|switch|p1a: Chandelure|Chandelure, L83, F|100/100\n|switch|p2a: Regieleki|Regieleki, L79|256/256\n|turn|1\n|inactive|Battle timer is ON: inactive players will automatically lose when time's up. (requested by p0y0014eda)\n|inactive|p0x001e7ca also wants the timer to be on.\n|\n|t:|1783394456\n|move|p2a: Regieleki|Volt Switch|p1a: Chandelure\n|-damage|p1a: Chandelure|58/100\n|inactive|Time left: 300 sec this turn | 300 sec total | 65 sec grace\n|\n|t:|1783394456\n|switch|p2a: Iron Thorns|Iron Thorns, L83, shiny|302/302|[from] Volt Switch\n|-enditem|p2a: Iron Thorns|Booster Energy\n|-activate|p2a: Iron Thorns|ability: Quark Drive|[fromitem]\n|-start|p2a: Iron Thorns|quarkdriveatk\n|move|p1a: Chandelure|Fire Blast|p2a: Iron Thorns\n|-resisted|p2a: Iron Thorns\n|-damage|p2a: Iron Thorns|224/302\n|\n|upkeep\n|turn|2\n|inactive|Time left: 300 sec this turn | 300 sec total\n|\n|t:|1783394457\n|switch|p1a: Appletun|Appletun, L92, M|100/100\n|move|p2a: Iron Thorns|Dragon Dance|p2a: Iron Thorns\n|-boost|p2a: Iron Thorns|atk|1\n|-boost|p2a: Iron Thorns|spe|1\n|\n|upkeep\n|turn|3\n|inactive|Time left: 300 sec this turn | 300 sec total\n|\n|t:|1783394457\n|-terastallize|p1a: Appletun|Steel\n|move|p2a: Iron Thorns|Stone Edge|p1a: Appletun\n|-resisted|p1a: Appletun\n|-crit|p1a: Appletun\n|-damage|p1a: Appletun|46/100\n|move|p1a: Appletun|Apple Acid|p2a: Iron Thorns\n|-supereffective|p2a: Iron Thorns\n|-damage|p2a: Iron Thorns|20/302\n|-unboost|p2a: Iron Thorns|spd|1\n|\n|-heal|p1a: Appletun|52/100|[from] item: Leftovers\n|upkeep\n|turn|4\n|inactive|Time left: 300 sec this turn | 300 sec total\n|\n|t:|1783394457\n|move|p2a: Iron Thorns|Wild Charge|p1a: Appletun\n|-damage|p1a: Appletun|0 fnt\n|faint|p1a: Appletun\n|-damage|p2a: Iron Thorns|0 fnt|[from] Recoil\n|faint|p2a: Iron Thorns\n|-end|p2a: Iron Thorns|Quark Drive|[silent]\n|\n|upkeep\n|inactive|Time left: 300 sec this turn | 300 sec total | 5 sec grace\n|\n|t:|1783394457\n|switch|p2a: Lilligant|Lilligant, L86, F|261/261\n|switch|p1a: Dialga|Dialga-Origin, L73|100/100\n|turn|5\n|inactive|Time left: 300 sec this turn | 300 sec total\n|\n|t:|1783394458\n|switch|p1a: Sunflora|Sunflora, F|100/100\n|move|p2a: Lilligant|Quiver Dance|p2a: Lilligant\n|-boost|p2a: Lilligant|spa|1\n|-boost|p2a: Lilligant|spd|1\n|-boost|p2a: Lilligant|spe|1\n|\n|upkeep\n|turn|6\n|inactive|Time left: 300 sec this turn | 300 sec total\n|\n|t:|1783394458\n|move|p2a: Lilligant|Quiver Dance|p2a: Lilligant\n|-boost|p2a: Lilligant|spa|1\n|-boost|p2a: Lilligant|spd|1\n|-boost|p2a: Lilligant|spe|1\n|move|p1a: Sunflora|Sludge Bomb|p2a: Lilligant\n|-supereffective|p2a: Lilligant\n|-damage|p2a: Lilligant|111/261\n|-status|p2a: Lilligant|psn\n|\n|-damage|p2a: Lilligant|79/261 psn|[from] psn\n|upkeep\n|turn|7\n|inactive|Time left: 300 sec this turn | 300 sec total\n|\n|t:|1783394458\n|move|p2a: Lilligant|Giga Drain|p1a: Sunflora\n|-resisted|p1a: Sunflora\n|-damage|p1a: Sunflora|69/100\n|-heal|p2a: Lilligant|128/261 psn|[from] drain|[of] p1a: Sunflora\n|-damage|p2a: Lilligant|102/261 psn|[from] item: Life Orb\n|move|p1a: Sunflora|Sludge Bomb|p2a: Lilligant\n|-supereffective|p2a: Lilligant\n|-damage|p2a: Lilligant|0 fnt\n|faint|p2a: Lilligant\n|\n|upkeep\n|inactive|Time left: 300 sec this turn | 300 sec total | 5 sec grace\n|\n|t:|1783394458\n|switch|p2a: Lunala|Lunala, L70|308/308\n|turn|8\n|inactive|Time left: 300 sec this turn | 300 sec total\n|\n|t:|1783394458\n|switch|p1a: Okidogi|Okidogi, L77, M|100/100\n|move|p2a: Lunala|Calm Mind|p2a: Lunala\n|-boost|p2a: Lunala|spa|1\n|-boost|p2a: Lunala|spd|1\n|\n|upkeep\n|turn|9\n|inactive|Time left: 300 sec this turn | 300 sec total\n|\n|t:|1783394459\n|move|p2a: Lunala|Moongeist Beam|p1a: Okidogi\n|-damage|p1a: Okidogi|56/100\n|move|p1a: Okidogi|Knock Off|p2a: Lunala\n|-supereffective|p2a: Lunala\n|-damage|p2a: Lunala|124/308\n|-enditem|p2a: Lunala|Leftovers|[from] move: Knock Off|[of] p1a: Okidogi\n|\n|upkeep\n|turn|10\n|inactive|Time left: 300 sec this turn | 300 sec total\n|\n|t:|1783394459\n|-terastallize|p2a: Lunala|Fairy\n|move|p2a: Lunala|Moongeist Beam|p1a: Okidogi\n|-damage|p1a: Okidogi|11/100\n|move|p1a: Okidogi|Knock Off|p2a: Lunala\n|-resisted|p2a: Lunala\n|-damage|p2a: Lunala|94/308\n|-status|p2a: Lunala|tox|[from] ability: Toxic Chain|[of] p1a: Okidogi\n|\n|-damage|p2a: Lunala|75/308 tox|[from] psn\n|upkeep\n|turn|11\n|inactive|Time left: 300 sec this turn | 300 sec total\n|\n|t:|1783394459\n|move|p2a: Lunala|Moongeist Beam|p1a: Okidogi\n|-damage|p1a: Okidogi|0 fnt\n|faint|p1a: Okidogi\n|\n|-damage|p2a: Lunala|37/308 tox|[from] psn\n|upkeep\n|\n|t:|1783394459\n|switch|p1a: Chandelure|Chandelure, L83, F|58/100\n|turn|12\n|inactive|Time left: 300 sec this turn | 300 sec total\n|\n|t:|1783394460\n|move|p1a: Chandelure|Fire Blast|p2a: Lunala\n|-damage|p2a: Lunala|0 fnt\n|faint|p2a: Lunala\n|\n|upkeep\n|inactive|Time left: 300 sec this turn | 300 sec total | 5 sec grace\n|\n|t:|1783394460\n|switch|p2a: Darkrai|Darkrai, L77|234/234\n|turn|13\n|inactive|Time left: 300 sec this turn | 300 sec total\n|\n|t:|1783394460\n|move|p1a: Chandelure|Fire Blast|p2a: Darkrai\n|-damage|p2a: Darkrai|71/234\n|move|p2a: Darkrai|Dark Pulse|p1a: Chandelure\n|-supereffective|p1a: Chandelure\n|-damage|p1a: Chandelure|0 fnt\n|faint|p1a: Chandelure\n|\n|-heal|p2a: Darkrai|85/234|[from] item: Leftovers\n|upkeep\n|\n|t:|1783394460\n|switch|p1a: Dialga|Dialga-Origin, L73|100/100\n|-ability|p1a: Dialga|Pressure\n|turn|14\n|inactive|Time left: 300 sec this turn | 300 sec total\n|\n|t:|1783394461\n|switch|p2a: Wo-Chien|Wo-Chien, L83|277/277\n|-ability|p2a: Wo-Chien|Tablets of Ruin\n|move|p1a: Dialga|Flash Cannon|p2a: Wo-Chien\n|-damage|p2a: Wo-Chien|193/277\n|\n|-heal|p2a: Wo-Chien|210/277|[from] item: Leftovers\n|upkeep\n|turn|15\n|inactive|Time left: 300 sec this turn | 300 sec total\n|\n|t:|1783394461\n|move|p1a: Dialga|Fire Blast|p2a: Wo-Chien\n|-supereffective|p2a: Wo-Chien\n|-damage|p2a: Wo-Chien|88/277\n|-status|p2a: Wo-Chien|brn\n|move|p2a: Wo-Chien|Stun Spore|p1a: Dialga|[miss]\n|-miss|p2a: Wo-Chien|p1a: Dialga\n|\n|-heal|p2a: Wo-Chien|105/277 brn|[from] item: Leftovers\n|-damage|p2a: Wo-Chien|88/277 brn|[from] brn\n|upkeep\n|turn|16\n|inactive|Time left: 300 sec this turn | 300 sec total\n|\n|t:|1783394461\n|move|p1a: Dialga|Fire Blast|p2a: Wo-Chien\n|-supereffective|p2a: Wo-Chien\n|-damage|p2a: Wo-Chien|0 fnt\n|faint|p2a: Wo-Chien\n|\n|upkeep\n|inactive|Time left: 300 sec this turn | 300 sec total | 5 sec grace\n|\n|t:|1783394461\n|switch|p2a: Darkrai|Darkrai, L77|85/234\n|turn|17\n|inactive|Time left: 300 sec this turn | 300 sec total\n|\n|t:|1783394462\n|switch|p2a: Regieleki|Regieleki, L79|256/256\n|move|p1a: Dialga|Flash Cannon|p2a: Regieleki\n|-resisted|p2a: Regieleki\n|-damage|p2a: Regieleki|171/256\n|\n|upkeep\n|turn|18\n|inactive|Time left: 300 sec this turn | 300 sec total\n|\n|t:|1783394462\n|move|p2a: Regieleki|Thunderbolt|p1a: Dialga\n|-resisted|p1a: Dialga\n|-damage|p1a: Dialga|76/100\n|move|p1a: Dialga|Draco Meteor|p2a: Regieleki\n|-damage|p2a: Regieleki|0 fnt\n|-unboost|p1a: Dialga|spa|2\n|faint|p2a: Regieleki\n|\n|upkeep\n|inactive|Time left: 300 sec this turn | 300 sec total | 5 sec grace\n|\n|t:|1783394462\n|switch|p2a: Darkrai|Darkrai, L77|85/234\n|turn|19\n|inactive|Time left: 300 sec this turn | 300 sec total\n|\n|t:|1783394462\n|move|p2a: Darkrai|Dark Pulse|p1a: Dialga\n|-damage|p1a: Dialga|45/100\n|move|p1a: Dialga|Draco Meteor|p2a: Darkrai\n|-damage|p2a: Darkrai|0 fnt\n|-unboost|p1a: Dialga|spa|2\n|faint|p2a: Darkrai\n|\n|win|p0x001e7ca", "uploadtime": 1783394462, "views": 0, "rating": 0, "private": 0, "password": null, "_winner": "p0x001e7ca", "_our_name": "p0y0014eda"}