{"id": "battle-gen9randombattle-331", "formatid": "gen9randombattle", "format": "[Gen 9] Random Battle", "players": ["p0x0092add", "p0y0096d74"], "log": "|init|battle\n|title|p0x0092add vs. p0y0096d74\n|j|\u2606p0x0092add\n|j|\u2606p0y0096d74\n|t:|1783394584\n|gametype|singles\n|player|p1|p0x0092add|169|\n|player|p2|p0y0096d74|265|\n|gen|9\n|tier|[Gen 9] Random Battle\n|rule|Species Clause: Limit one of each Pok\u00e9mon\n|rule|HP Percentage Mod: HP is shown in percentages\n|rule|Sleep Clause Mod: Limit one foe put to sleep\n|rule|Illusion Level Mod: Illusion disguises the Pok\u00e9mon's true level\n|\n|t:|1783394584\n|teamsize|p1|6\n|teamsize|p2|6\n|start\n|switch|p1a: Regigigas|Regigigas, L84|100/100\n|switch|p2a: Articuno|Articuno, L86|295/295\n|-start|p1a: Regigigas|ability: Slow Start\n|-ability|p2a: Articuno|Pressure\n|turn|1\n|inactive|Battle timer is ON: inactive players will automatically lose when time's up. (requested by p0x0092add)\n|inactive|Time left: 300 sec this turn | 300 sec total | 60 sec grace\n|inactive|p0y0096d74 also wants the timer to be on.\n|\n|t:|1783394585\n|move|p2a: Articuno|Freeze-Dry|p1a: Regigigas\n|-damage|p1a: Regigigas|81/100\n|move|p1a: Regigigas|Body Slam|p2a: Articuno\n|-damage|p2a: Articuno|235/295\n|-status|p2a: Articuno|par\n|\n|-heal|p1a: Regigigas|87/100|[from] item: Leftovers\n|upkeep\n|turn|2\n|inactive|Time left: 300 sec this turn | 300 sec total\n|\n|t:|1783394585\n|move|p1a: Regigigas|Body Slam|p2a: Articuno\n|-damage|p2a: Articuno|180/295 par\n|move|p2a: Articuno|Freeze-Dry|p1a: Regigigas\n|-damage|p1a: Regigigas|66/100\n|\n|-heal|p1a: Regigigas|72/100|[from] item: Leftovers\n|upkeep\n|turn|3\n|inactive|Time left: 300 sec this turn | 300 sec total\n|\n|t:|1783394585\n|move|p1a: Regigigas|Knock Off|p2a: Articuno\n|-damage|p2a: Articuno|137/295 par\n|-enditem|p2a: Articuno|Heavy-Duty Boots|[from] move: Knock Off|[of] p1a: Regigigas\n|move|p2a: Articuno|Roost|p2a: Articuno\n|-heal|p2a: Articuno|285/295 par\n|-singleturn|p2a: Articuno|move: Roost\n|\n|-heal|p1a: Regigigas|78/100|[from] item: Leftovers\n|upkeep\n|turn|4\n|inactive|Time left: 300 sec this turn | 300 sec total\n|\n|t:|1783394585\n|move|p1a: Regigigas|Knock Off|p2a: Articuno\n|-damage|p2a: Articuno|256/295 par\n|move|p2a: Articuno|Freeze-Dry|p1a: Regigigas\n|-damage|p1a: Regigigas|59/100\n|\n|-heal|p1a: Regigigas|65/100|[from] item: Leftovers\n|upkeep\n|turn|5\n|inactive|Time left: 300 sec this turn | 300 sec total\n|\n|t:|1783394586\n|move|p1a: Regigigas|Body Slam|p2a: Articuno\n|-damage|p2a: Articuno|196/295 par\n|cant|p2a: Articuno|par\n|\n|-heal|p1a: Regigigas|71/100|[from] item: Leftovers\n|-end|p1a: Regigigas|Slow Start\n|upkeep\n|turn|6\n|inactive|Time left: 300 sec this turn | 300 sec total\n|\n|t:|1783394586\n|move|p1a: Regigigas|Body Slam|p2a: Articuno\n|-damage|p2a: Articuno|82/295 par\n|move|p2a: Articuno|Roost|p2a: Articuno\n|-heal|p2a: Articuno|230/295 par\n|-singleturn|p2a: Articuno|move: Roost\n|\n|-heal|p1a: Regigigas|78/100|[from] item: Leftovers\n|upkeep\n|turn|7\n|inactive|Time left: 300 sec this turn | 300 sec total\n|\n|t:|1783394586\n|move|p1a: Regigigas|Body Slam|p2a: Articuno\n|-damage|p2a: Articuno|104/295 par\n|move|p2a: Articuno|Roost|p2a: Articuno\n|-heal|p2a: Articuno|252/295 par\n|-singleturn|p2a: Articuno|move: Roost\n|\n|-heal|p1a: Regigigas|84/100|[from] item: Leftovers\n|upkeep\n|turn|8\n|inactive|Time left: 300 sec this turn | 300 sec total\n|\n|t:|1783394586\n|move|p1a: Regigigas|Body Slam|p2a: Articuno\n|-crit|p2a: Articuno\n|-damage|p2a: Articuno|80/295 par\n|move|p2a: Articuno|Roost|p2a: Articuno\n|-heal|p2a: Articuno|228/295 par\n|-singleturn|p2a: Articuno|move: Roost\n|\n|-heal|p1a: Regigigas|90/100|[from] item: Leftovers\n|upkeep\n|turn|9\n|inactive|Time left: 300 sec this turn | 300 sec total\n|\n|t:|1783394587\n|move|p1a: Regigigas|Body Slam|p2a: Articuno\n|-damage|p2a: Articuno|104/295 par\n|move|p2a: Articuno|Roost|p2a: Articuno\n|-heal|p2a: Articuno|252/295 par\n|-singleturn|p2a: Articuno|move: Roost\n|\n|-heal|p1a: Regigigas|96/100|[from] item: Leftovers\n|upkeep\n|turn|10\n|inactive|Time left: 300 sec this turn | 300 sec total\n|\n|t:|1783394587\n|move|p1a: Regigigas|Body Slam|p2a: Articuno\n|-damage|p2a: Articuno|135/295 par\n|cant|p2a: Articuno|par\n|\n|-heal|p1a: Regigigas|100/100|[from] item: Leftovers\n|upkeep\n|turn|11\n|inactive|Time left: 300 sec this turn | 300 sec total\n|\n|t:|1783394587\n|move|p1a: Regigigas|Body Slam|p2a: Articuno\n|-damage|p2a: Articuno|12/295 par\n|cant|p2a: Articuno|par\n|\n|upkeep\n|turn|12\n|inactive|Time left: 300 sec this turn | 300 sec total\n|\n|t:|1783394587\n|move|p1a: Regigigas|Knock Off|p2a: Articuno\n|-damage|p2a: Articuno|0 fnt\n|faint|p2a: Articuno\n|\n|upkeep\n|inactive|Time left: 300 sec this turn | 300 sec total | 5 sec grace\n|\n|t:|1783394588\n|switch|p2a: Urshifu|Urshifu-Rapid-Strike, L75, M|274/274\n|turn|13\n|inactive|Time left: 300 sec this turn | 300 sec total\n|\n|t:|1783394588\n|move|p1a: Regigigas|Body Slam|p2a: Urshifu\n|-damage|p2a: Urshifu|145/274\n|move|p2a: Urshifu|Close Combat|p1a: Regigigas\n|-supereffective|p1a: Regigigas\n|-damage|p1a: Regigigas|0 fnt\n|-unboost|p2a: Urshifu|def|1\n|-unboost|p2a: Urshifu|spd|1\n|faint|p1a: Regigigas\n|-end|p1a: Regigigas|Slow Start|[silent]\n|\n|upkeep\n|\n|t:|1783394588\n|switch|p1a: Weavile|Weavile, L79, F|100/100\n|turn|14\n|inactive|Time left: 300 sec this turn | 300 sec total\n|\n|t:|1783394588\n|move|p1a: Weavile|Triple Axel|p2a: Urshifu\n|-resisted|p2a: Urshifu\n|-damage|p2a: Urshifu|118/274\n|-resisted|p2a: Urshifu\n|-damage|p2a: Urshifu|65/274\n|-resisted|p2a: Urshifu\n|-damage|p2a: Urshifu|0 fnt\n|faint|p2a: Urshifu\n|-hitcount|p2: Urshifu|3\n|\n|upkeep\n|inactive|Time left: 300 sec this turn | 300 sec total | 5 sec grace\n|\n|t:|1783394589\n|switch|p2a: Skarmory|Skarmory, L80, M|235/235\n|turn|15\n|inactive|Time left: 300 sec this turn | 300 sec total\n|\n|t:|1783394589\n|move|p1a: Weavile|Triple Axel|p2a: Skarmory\n|-damage|p2a: Skarmory|210/235\n|-damage|p2a: Skarmory|159/235\n|-damage|p2a: Skarmory|86/235\n|-hitcount|p2a: Skarmory|3\n|move|p2a: Skarmory|Body Press|p1a: Weavile\n|-supereffective|p1a: Weavile\n|-damage|p1a: Weavile|0 fnt\n|faint|p1a: Weavile\n|\n|-heal|p2a: Skarmory|100/235|[from] item: Leftovers\n|upkeep\n|\n|t:|1783394589\n|switch|p1a: Zamazenta|Zamazenta, L71|100/100\n|-ability|p1a: Zamazenta|Dauntless Shield|boost\n|-boost|p1a: Zamazenta|def|1\n|turn|16\n|inactive|Time left: 300 sec this turn | 300 sec total\n|\n|t:|1783394589\n|switch|p2a: Oranguru|Oranguru, L92, M|315/315\n|move|p1a: Zamazenta|Body Press|p2a: Oranguru\n|-damage|p2a: Oranguru|207/315\n|\n|-heal|p2a: Oranguru|226/315|[from] item: Leftovers\n|upkeep\n|turn|17\n|inactive|Time left: 300 sec this turn | 300 sec total\n|\n|t:|1783394590\n|switch|p1a: Komala|Komala, L87, M|100/100\n|-ability|p1a: Komala|Comatose\n|move|p2a: Oranguru|Nasty Plot|p2a: Oranguru\n|-boost|p2a: Oranguru|spa|2\n|\n|-heal|p2a: Oranguru|245/315|[from] item: Leftovers\n|upkeep\n|turn|18\n|inactive|Time left: 300 sec this turn | 300 sec total\n|\n|t:|1783394590\n|move|p1a: Komala|Knock Off|p2a: Oranguru\n|-supereffective|p2a: Oranguru\n|-damage|p2a: Oranguru|85/315\n|-enditem|p2a: Oranguru|Leftovers|[from] move: Knock Off|[of] p1a: Komala\n|move|p2a: Oranguru|Psyshock|p1a: Komala\n|-damage|p1a: Komala|8/100\n|\n|upkeep\n|turn|19\n|inactive|Time left: 300 sec this turn | 300 sec total\n|\n|t:|1783394590\n|move|p1a: Komala|Knock Off|p2a: Oranguru\n|-supereffective|p2a: Oranguru\n|-damage|p2a: Oranguru|0 fnt\n|faint|p2a: Oranguru\n|\n|upkeep\n|inactive|Time left: 300 sec this turn | 300 sec total | 5 sec grace\n|\n|t:|1783394590\n|switch|p2a: Minun|Minun, L95, F|268/268\n|turn|20\n|inactive|Time left: 300 sec this turn | 300 sec total\n|\n|t:|1783394591\n|move|p1a: Komala|Knock Off|p2a: Minun\n|-damage|p2a: Minun|157/268\n|-enditem|p2a: Minun|Life Orb|[from] move: Knock Off|[of] p1a: Komala\n|move|p2a: Minun|Thunderbolt|p1a: Komala\n|-damage|p1a: Komala|0 fnt\n|faint|p1a: Komala\n|\n|upkeep\n|\n|t:|1783394591\n|switch|p1a: Zamazenta|Zamazenta, L71|100/100\n|turn|21\n|inactive|Time left: 300 sec this turn | 300 sec total\n|\n|t:|1783394591\n|switch|p2a: Skarmory|Skarmory, L80, M|100/235\n|move|p1a: Zamazenta|Iron Defense|p1a: Zamazenta\n|-boost|p1a: Zamazenta|def|2\n|\n|-heal|p2a: Skarmory|114/235|[from] item: Leftovers\n|upkeep\n|turn|22\n|inactive|Time left: 300 sec this turn | 300 sec total\n|\n|t:|1783394591\n|move|p1a: Zamazenta|Body Press|p2a: Skarmory\n|-damage|p2a: Skarmory|9/235\n|move|p2a: Skarmory|Roost|p2a: Skarmory\n|-heal|p2a: Skarmory|127/235\n|-singleturn|p2a: Skarmory|move: Roost\n|\n|-heal|p2a: Skarmory|141/235|[from] item: Leftovers\n|upkeep\n|turn|23\n|inactive|Time left: 300 sec this turn | 300 sec total\n|\n|t:|1783394592\n|move|p1a: Zamazenta|Body Press|p2a: Skarmory\n|-damage|p2a: Skarmory|36/235\n|move|p2a: Skarmory|Roost|p2a: Skarmory\n|-heal|p2a: Skarmory|154/235\n|-singleturn|p2a: Skarmory|move: Roost\n|\n|-heal|p2a: Skarmory|168/235|[from] item: Leftovers\n|upkeep\n|turn|24\n|inactive|Time left: 300 sec this turn | 300 sec total\n|\n|t:|1783394592\n|move|p1a: Zamazenta|Body Press|p2a: Skarmory\n|-damage|p2a: Skarmory|60/235\n|move|p2a: Skarmory|Roost|p2a: Skarmory\n|-heal|p2a: Skarmory|178/235\n|-singleturn|p2a: Skarmory|move: Roost\n|\n|-heal|p2a: Skarmory|192/235|[from] item: Leftovers\n|upkeep\n|turn|25\n|inactive|Time left: 300 sec this turn | 300 sec total\n|\n|t:|1783394592\n|move|p1a: Zamazenta|Body Press|p2a: Skarmory\n|-damage|p2a: Skarmory|93/235\n|move|p2a: Skarmory|Iron Defense|p2a: Skarmory\n|-boost|p2a: Skarmory|def|2\n|\n|-heal|p2a: Skarmory|107/235|[from] item: Leftovers\n|upkeep\n|turn|26\n|inactive|Time left: 300 sec this turn | 300 sec total\n|\n|t:|1783394592\n|move|p1a: Zamazenta|Iron Defense|p1a: Zamazenta\n|-boost|p1a: Zamazenta|def|2\n|move|p2a: Skarmory|Roost|p2a: Skarmory\n|-heal|p2a: Skarmory|225/235\n|-singleturn|p2a: Skarmory|move: Roost\n|\n|-heal|p2a: Skarmory|235/235|[from] item: Leftovers\n|upkeep\n|turn|27\n|inactive|Time left: 300 sec this turn | 300 sec total\n|\n|t:|1783394593\n|move|p1a: Zamazenta|Iron Defense|p1a: Zamazenta\n|-boost|p1a: Zamazenta|def|2\n|move|p2a: Skarmory|Iron Defense|p2a: Skarmory\n|-boost|p2a: Skarmory|def|2\n|\n|upkeep\n|turn|28\n|inactive|Time left: 300 sec this turn | 300 sec total\n|\n|t:|1783394593\n|move|p1a: Zamazenta|Substitute|p1a: Zamazenta\n|-start|p1a: Zamazenta|Substitute\n|-damage|p1a: Zamazenta|75/100\n|move|p2a: Skarmory|Iron Defense|p2a: Skarmory\n|-boost|p2a: Skarmory|def|2\n|\n|-heal|p1a: Zamazenta|82/100|[from] item: Leftovers\n|upkeep\n|turn|29\n|inactive|Time left: 300 sec this turn | 300 sec total\n|\n|t:|1783394593\n|move|p1a: Zamazenta|Iron Head|p2a: Skarmory\n|-resisted|p2a: Skarmory\n|-damage|p2a: Skarmory|231/235\n|move|p2a: Skarmory|Body Press|p1a: Zamazenta\n|-end|p1a: Zamazenta|Substitute\n|\n|-heal|p1a: Zamazenta|88/100|[from] item: Leftovers\n|-heal|p2a: Skarmory|235/235|[from] item: Leftovers\n|upkeep\n|turn|30\n|inactive|Time left: 300 sec this turn | 300 sec total\n|\n|t:|1783394593\n|move|p1a: Zamazenta|Substitute|p1a: Zamazenta\n|-start|p1a: Zamazenta|Substitute\n|-damage|p1a: Zamazenta|63/100\n|move|p2a: Skarmory|Body Press|p1a: Zamazenta\n|-end|p1a: Zamazenta|Substitute\n|\n|-heal|p1a: Zamazenta|69/100|[from] item: Leftovers\n|upkeep\n|turn|31\n|inactive|Time left: 300 sec this turn | 300 sec total\n|\n|t:|1783394594\n|move|p1a: Zamazenta|Iron Head|p2a: Skarmory\n|-resisted|p2a: Skarmory\n|-damage|p2a: Skarmory|230/235\n|move|p2a: Skarmory|Body Press|p1a: Zamazenta\n|-damage|p1a: Zamazenta|42/100\n|\n|-heal|p1a: Zamazenta|48/100|[from] item: Leftovers\n|-heal|p2a: Skarmory|235/235|[from] item: Leftovers\n|upkeep\n|turn|32\n|inactive|Time left: 300 sec this turn | 300 sec total\n|\n|t:|1783394594\n|move|p1a: Zamazenta|Iron Head|p2a: Skarmory\n|-resisted|p2a: Skarmory\n|-damage|p2a: Skarmory|231/235\n|cant|p2a: Skarmory|flinch\n|\n|-heal|p1a: Zamazenta|54/100|[from] item: Leftovers\n|-heal|p2a: Skarmory|235/235|[from] item: Leftovers\n|upkeep\n|turn|33\n|inactive|Time left: 300 sec this turn | 300 sec total\n|\n|t:|1783394594\n|-terastallize|p2a: Skarmory|Fighting\n|move|p1a: Zamazenta|Iron Head|p2a: Skarmory\n|-damage|p2a: Skarmory|225/235\n|move|p2a: Skarmory|Body Press|p1a: Zamazenta\n|-damage|p1a: Zamazenta|13/100\n|\n|-heal|p1a: Zamazenta|19/100|[from] item: Leftovers\n|-heal|p2a: Skarmory|235/235|[from] item: Leftovers\n|upkeep\n|turn|34\n|inactive|Time left: 300 sec this turn | 300 sec total\n|\n|t:|1783394594\n|move|p1a: Zamazenta|Iron Head|p2a: Skarmory\n|-damage|p2a: Skarmory|225/235\n|cant|p2a: Skarmory|flinch\n|\n|-heal|p1a: Zamazenta|25/100|[from] item: Leftovers\n|-heal|p2a: Skarmory|235/235|[from] item: Leftovers\n|upkeep\n|turn|35\n|inactive|Time left: 300 sec this turn | 300 sec total\n|\n|t:|1783394595\n|move|p1a: Zamazenta|Iron Head|p2a: Skarmory\n|-damage|p2a: Skarmory|225/235\n|cant|p2a: Skarmory|flinch\n|\n|-heal|p1a: Zamazenta|31/100|[from] item: Leftovers\n|-heal|p2a: Skarmory|235/235|[from] item: Leftovers\n|upkeep\n|turn|36\n|inactive|Time left: 300 sec this turn | 300 sec total\n|\n|t:|1783394595\n|move|p1a: Zamazenta|Substitute|p1a: Zamazenta\n|-start|p1a: Zamazenta|Substitute\n|-damage|p1a: Zamazenta|6/100\n|move|p2a: Skarmory|Body Press|p1a: Zamazenta\n|-end|p1a: Zamazenta|Substitute\n|\n|-heal|p1a: Zamazenta|12/100|[from] item: Leftovers\n|upkeep\n|turn|37\n|inactive|Time left: 300 sec this turn | 300 sec total\n|\n|t:|1783394595\n|move|p1a: Zamazenta|Iron Head|p2a: Skarmory\n|-damage|p2a: Skarmory|225/235\n|move|p2a: Skarmory|Body Press|p1a: Zamazenta\n|-damage|p1a: Zamazenta|0 fnt\n|faint|p1a: Zamazenta\n|\n|-heal|p2a: Skarmory|235/235|[from] item: Leftovers\n|upkeep\n|\n|t:|1783394595\n|switch|p1a: Donphan|Donphan, L84, M|100/100\n|turn|38\n|inactive|Time left: 300 sec this turn | 300 sec total\n|\n|t:|1783394596\n|move|p2a: Skarmory|Body Press|p1a: Donphan\n|-ability|p1a: Donphan|Sturdy\n|-damage|p1a: Donphan|1/100\n|move|p1a: Donphan|Ice Spinner|p2a: Skarmory\n|-damage|p2a: Skarmory|223/235\n|\n|-heal|p2a: Skarmory|235/235|[from] item: Leftovers\n|-heal|p1a: Donphan|7/100|[from] item: Leftovers\n|upkeep\n|turn|39\n|inactive|Time left: 300 sec this turn | 300 sec total\n|\n|t:|1783394596\n|-terastallize|p1a: Donphan|Steel\n|move|p2a: Skarmory|Body Press|p1a: Donphan\n|-supereffective|p1a: Donphan\n|-damage|p1a: Donphan|0 fnt\n|faint|p1a: Donphan\n|\n|upkeep\n|\n|t:|1783394596\n|switch|p1a: Tsareena|Tsareena, L87, F|100/100\n|turn|40\n|inactive|Time left: 300 sec this turn | 300 sec total\n|\n|t:|1783394596\n|move|p1a: Tsareena|Power Whip|p2a: Skarmory\n|-damage|p2a: Skarmory|205/235\n|move|p2a: Skarmory|Body Press|p1a: Tsareena\n|-damage|p1a: Tsareena|0 fnt\n|faint|p1a: Tsareena\n|\n|win|p0y0096d74", "uploadtime": 1783394596, "views": 0, "rating": 0, "private": 0, "password": null, "_winner": "p0y0096d74", "_our_name": "p0y0096d74"}_winner": "p0y0096d74", "_our_name": "p0x0092add"}