{"id": "battle-gen9randombattle-141", "formatid": "gen9randombattle", "format": "[Gen 9] Random Battle", "players": ["p0x001dd6e", "p0y0019699"], "log": "|init|battle\n|title|p0x001dd6e vs. p0y0019699\n|j|\u2606p0x001dd6e\n|j|\u2606p0y0019699\n|t:|1783403084\n|gametype|singles\n|player|p1|p0x001dd6e|169|\n|player|p2|p0y0019699|101|\n|gen|9\n|tier|[Gen 9] Random Battle\n|rule|Species Clause: Limit one of each Pok\u00e9mon\n|rule|HP Percentage Mod: HP is shown in percentages\n|rule|Sleep Clause Mod: Limit one foe put to sleep\n|rule|Illusion Level Mod: Illusion disguises the Pok\u00e9mon's true level\n|\n|t:|1783403084\n|teamsize|p1|6\n|teamsize|p2|6\n|start\n|switch|p1a: Arcanine|Arcanine-Hisui, L79, F|100/100\n|switch|p2a: Volbeat|Volbeat, L90, M|263/263\n|turn|1\n|inactive|Battle timer is ON: inactive players will automatically lose when time's up. (requested by p0y0019699)\n|inactive|p0x001dd6e also wants the timer to be on.\n|\n|t:|1783403085\n|switch|p2a: Clawitzer|Clawitzer, L87, F|265/265\n|move|p1a: Arcanine|Head Smash|p2a: Clawitzer|[miss]\n|-miss|p1a: Arcanine|p2a: Clawitzer\n|\n|upkeep\n|turn|2\n|inactive|Time left: 300 sec this turn | 300 sec total\n|\n|t:|1783403085\n|-terastallize|p1a: Arcanine|Rock\n|move|p1a: Arcanine|Head Smash|p2a: Clawitzer\n|-damage|p2a: Clawitzer|0 fnt\n|faint|p2a: Clawitzer\n|\n|upkeep\n|inactive|Time left: 300 sec this turn | 300 sec total | 5 sec grace\n|\n|t:|1783403085\n|switch|p2a: Dialga|Dialga-Origin, L73|266/266\n|-ability|p2a: Dialga|Pressure\n|turn|3\n|inactive|Time left: 300 sec this turn | 300 sec total\n|\n|t:|1783403085\n|move|p1a: Arcanine|Head Smash|p2a: Dialga\n|-resisted|p2a: Dialga\n|-damage|p2a: Dialga|123/266\n|move|p2a: Dialga|Flash Cannon|p1a: Arcanine\n|-supereffective|p1a: Arcanine\n|-damage|p1a: Arcanine|14/100\n|\n|upkeep\n|turn|4\n|inactive|Time left: 300 sec this turn | 300 sec total\n|\n|t:|1783403086\n|move|p1a: Arcanine|Head Smash|p2a: Dialga|[miss]\n|-miss|p1a: Arcanine|p2a: Dialga\n|move|p2a: Dialga|Flash Cannon|p1a: Arcanine\n|-supereffective|p1a: Arcanine\n|-damage|p1a: Arcanine|0 fnt\n|faint|p1a: Arcanine\n|\n|upkeep\n|\n|t:|1783403086\n|switch|p1a: Enamorus|Enamorus, L79, F|100/100\n|turn|5\n|inactive|Time left: 300 sec this turn | 300 sec total\n|\n|t:|1783403086\n|switch|p2a: Comfey|Comfey, L85, M|225/225\n|move|p1a: Enamorus|Superpower|p2a: Comfey\n|-resisted|p2a: Comfey\n|-damage|p2a: Comfey|180/225\n|-boost|p1a: Enamorus|atk|1\n|-boost|p1a: Enamorus|def|1\n|\n|-heal|p2a: Comfey|194/225|[from] item: Leftovers\n|upkeep\n|turn|6\n|inactive|Time left: 300 sec this turn | 300 sec total\n|\n|t:|1783403087\n|-terastallize|p2a: Comfey|Poison\n|move|p2a: Comfey|Calm Mind|p2a: Comfey\n|-boost|p2a: Comfey|spa|1\n|-boost|p2a: Comfey|spd|1\n|move|p1a: Enamorus|Superpower|p2a: Comfey\n|-resisted|p2a: Comfey\n|-damage|p2a: Comfey|136/225\n|-boost|p1a: Enamorus|atk|1\n|-boost|p1a: Enamorus|def|1\n|\n|-heal|p2a: Comfey|150/225|[from] item: Leftovers\n|upkeep\n|turn|7\n|inactive|Time left: 300 sec this turn | 300 sec total\n|\n|t:|1783403087\n|move|p2a: Comfey|Draining Kiss|p1a: Enamorus\n|-damage|p1a: Enamorus|65/100\n|-heal|p2a: Comfey|215/225|[from] drain|[of] p1a: Enamorus\n|move|p1a: Enamorus|Play Rough|p2a: Comfey\n|-resisted|p2a: Comfey\n|-damage|p2a: Comfey|114/225\n|\n|-heal|p2a: Comfey|128/225|[from] item: Leftovers\n|-heal|p1a: Enamorus|71/100|[from] item: Leftovers\n|upkeep\n|turn|8\n|inactive|Time left: 300 sec this turn | 300 sec total\n|\n|t:|1783403087\n|switch|p1a: Corviknight|Corviknight, L80, F|100/100\n|move|p2a: Comfey|Draining Kiss|p1a: Corviknight\n|-resisted|p1a: Corviknight\n|-damage|p1a: Corviknight|87/100\n|-heal|p2a: Comfey|157/225|[from] drain|[of] p1a: Corviknight\n|\n|-heal|p2a: Comfey|171/225|[from] item: Leftovers\n|-heal|p1a: Corviknight|93/100|[from] item: Leftovers\n|upkeep\n|turn|9\n|inactive|Time left: 300 sec this turn | 300 sec total\n|\n|t:|1783403087\n|move|p2a: Comfey|Draining Kiss|p1a: Corviknight\n|-resisted|p1a: Corviknight\n|-damage|p1a: Corviknight|80/100\n|-heal|p2a: Comfey|200/225|[from] drain|[of] p1a: Corviknight\n|move|p1a: Corviknight|Brave Bird|p2a: Comfey\n|-damage|p2a: Comfey|101/225\n|-damage|p1a: Corviknight|68/100|[from] Recoil\n|\n|-heal|p2a: Comfey|115/225|[from] item: Leftovers\n|-heal|p1a: Corviknight|74/100|[from] item: Leftovers\n|upkeep\n|turn|10\n|inactive|Time left: 300 sec this turn | 300 sec total\n|\n|t:|1783403087\n|move|p2a: Comfey|Draining Kiss|p1a: Corviknight\n|-resisted|p1a: Corviknight\n|-damage|p1a: Corviknight|61/100\n|-heal|p2a: Comfey|145/225|[from] drain|[of] p1a: Corviknight\n|move|p1a: Corviknight|Brave Bird|p2a: Comfey\n|-damage|p2a: Comfey|36/225\n|-damage|p1a: Corviknight|48/100|[from] Recoil\n|\n|-heal|p2a: Comfey|50/225|[from] item: Leftovers\n|-heal|p1a: Corviknight|54/100|[from] item: Leftovers\n|upkeep\n|turn|11\n|inactive|Time left: 300 sec this turn | 300 sec total\n|\n|t:|1783403088\n|move|p2a: Comfey|Draining Kiss|p1a: Corviknight\n|-resisted|p1a: Corviknight\n|-damage|p1a: Corviknight|40/100\n|-heal|p2a: Comfey|80/225|[from] drain|[of] p1a: Corviknight\n|move|p1a: Corviknight|Brave Bird|p2a: Comfey\n|-damage|p2a: Comfey|0 fnt\n|faint|p2a: Comfey\n|-damage|p1a: Corviknight|31/100|[from] Recoil\n|\n|-heal|p1a: Corviknight|38/100|[from] item: Leftovers\n|upkeep\n|inactive|Time left: 300 sec this turn | 300 sec total | 5 sec grace\n|\n|t:|1783403088\n|switch|p2a: Skuntank|Skuntank, L84, M|310/310\n|turn|12\n|inactive|Time left: 300 sec this turn | 300 sec total\n|\n|t:|1783403088\n|switch|p1a: Enamorus|Enamorus, L79, F|71/100\n|move|p2a: Skuntank|Knock Off|p1a: Enamorus\n|-resisted|p1a: Enamorus\n|-damage|p1a: Enamorus|40/100\n|-enditem|p1a: Enamorus|Leftovers|[from] move: Knock Off|[of] p2a: Skuntank\n|-damage|p2a: Skuntank|279/310|[from] item: Life Orb\n|\n|upkeep\n|turn|13\n|inactive|Time left: 300 sec this turn | 300 sec total\n|\n|t:|1783403088\n|move|p1a: Enamorus|Superpower|p2a: Skuntank\n|-damage|p2a: Skuntank|172/310\n|-boost|p1a: Enamorus|atk|1\n|-boost|p1a: Enamorus|def|1\n|move|p2a: Skuntank|Gunk Shot|p1a: Enamorus|[miss]\n|-miss|p2a: Skuntank|p1a: Enamorus\n|\n|upkeep\n|turn|14\n|inactive|Time left: 300 sec this turn | 300 sec total\n|\n|t:|1783403089\n|move|p1a: Enamorus|Superpower|p2a: Skuntank\n|-damage|p2a: Skuntank|3/310\n|-boost|p1a: Enamorus|atk|1\n|-boost|p1a: Enamorus|def|1\n|move|p2a: Skuntank|Gunk Shot|p1a: Enamorus\n|-supereffective|p1a: Enamorus\n|-crit|p1a: Enamorus\n|-damage|p1a: Enamorus|0 fnt\n|faint|p1a: Enamorus\n|-damage|p2a: Skuntank|0 fnt|[from] item: Life Orb\n|faint|p2a: Skuntank\n|\n|upkeep\n|inactive|Time left: 300 sec this turn | 300 sec total | 5 sec grace\n|\n|t:|1783403089\n|switch|p1a: Amoonguss|Amoonguss, L82, M|100/100\n|switch|p2a: Dialga|Dialga-Origin, L73|123/266\n|-ability|p2a: Dialga|Pressure\n|turn|15\n|inactive|Time left: 300 sec this turn | 300 sec total\n|\n|t:|1783403089\n|move|p2a: Dialga|Thunder Wave|p1a: Amoonguss\n|-status|p1a: Amoonguss|par\n|cant|p1a: Amoonguss|par\n|\n|upkeep\n|turn|16\n|inactive|Time left: 300 sec this turn | 300 sec total\n|\n|t:|1783403089\n|move|p2a: Dialga|Fire Blast|p1a: Amoonguss|[miss]\n|-miss|p2a: Dialga|p1a: Amoonguss\n|move|p1a: Amoonguss|Spore|p2a: Dialga\n|-status|p2a: Dialga|slp|[from] move: Spore\n|\n|upkeep\n|turn|17\n|inactive|Time left: 300 sec this turn | 300 sec total\n|\n|t:|1783403090\n|switch|p2a: Volbeat|Volbeat, L90, M|263/263\n|switch|p1a: Corviknight|Corviknight, L80, F|38/100\n|\n|-heal|p1a: Corviknight|44/100|[from] item: Leftovers\n|upkeep\n|turn|18\n|inactive|Time left: 300 sec this turn | 300 sec total\n|\n|t:|1783403090\n|move|p2a: Volbeat|Thunder Wave|p1a: Corviknight\n|-status|p1a: Corviknight|par\n|move|p1a: Corviknight|Roost|p1a: Corviknight\n|-heal|p1a: Corviknight|94/100 par\n|-singleturn|p1a: Corviknight|move: Roost\n|\n|-heal|p1a: Corviknight|99/100 par|[from] item: Leftovers\n|upkeep\n|turn|19\n|inactive|Time left: 300 sec this turn | 300 sec total\n|\n|t:|1783403090\n|move|p2a: Volbeat|Encore|p1a: Corviknight\n|-start|p1a: Corviknight|Encore\n|move|p1a: Corviknight|Roost|p1a: Corviknight\n|-heal|p1a: Corviknight|100/100 par\n|-singleturn|p1a: Corviknight|move: Roost\n|\n|upkeep\n|turn|20\n|inactive|Time left: 300 sec this turn | 300 sec total\n|\n|t:|1783403090\n|switch|p1a: Amoonguss|Amoonguss, L82, M|100/100 par\n|move|p2a: Volbeat|Lunge|p1a: Amoonguss\n|-damage|p1a: Amoonguss|69/100 par\n|-unboost|p1a: Amoonguss|atk|1\n|\n|-heal|p1a: Amoonguss|76/100 par|[from] item: Leftovers\n|upkeep\n|turn|21\n|inactive|Time left: 300 sec this turn | 300 sec total\n|\n|t:|1783403091\n|move|p2a: Volbeat|Lunge|p1a: Amoonguss\n|-damage|p1a: Amoonguss|48/100 par\n|-unboost|p1a: Amoonguss|atk|1\n|cant|p1a: Amoonguss|par\n|\n|-heal|p1a: Amoonguss|54/100 par|[from] item: Leftovers\n|upkeep\n|turn|22\n|inactive|Time left: 300 sec this turn | 300 sec total\n|\n|t:|1783403091\n|switch|p1a: Corviknight|Corviknight, L80, F|100/100 par\n|move|p2a: Volbeat|Lunge|p1a: Corviknight\n|-resisted|p1a: Corviknight\n|-damage|p1a: Corviknight|94/100 par\n|-ability|p1a: Corviknight|Mirror Armor\n|-unboost|p2a: Volbeat|atk|1\n|\n|-heal|p1a: Corviknight|99/100 par|[from] item: Leftovers\n|upkeep\n|turn|23\n|inactive|Time left: 300 sec this turn | 300 sec total\n|\n|t:|1783403091\n|switch|p2a: Mandibuzz|Mandibuzz, L85, F|326/326\n|move|p1a: Corviknight|Brave Bird|p2a: Mandibuzz\n|-damage|p2a: Mandibuzz|233/326\n|-damage|p1a: Corviknight|89/100 par|[from] Recoil\n|\n|-heal|p1a: Corviknight|96/100 par|[from] item: Leftovers\n|upkeep\n|turn|24\n|inactive|Time left: 300 sec this turn | 300 sec total\n|\n|t:|1783403091\n|move|p2a: Mandibuzz|Foul Play|p1a: Corviknight\n|-damage|p1a: Corviknight|68/100 par\n|move|p1a: Corviknight|Body Press|p2a: Mandibuzz\n|-damage|p2a: Mandibuzz|185/326\n|\n|-heal|p1a: Corviknight|74/100 par|[from] item: Leftovers\n|upkeep\n|turn|25\n|inactive|Time left: 300 sec this turn | 300 sec total\n|\n|t:|1783403092\n|move|p2a: Mandibuzz|Roost|p2a: Mandibuzz\n|-heal|p2a: Mandibuzz|326/326\n|-singleturn|p2a: Mandibuzz|move: Roost\n|move|p1a: Corviknight|Roost|p1a: Corviknight\n|-heal|p1a: Corviknight|100/100 par\n|-singleturn|p1a: Corviknight|move: Roost\n|\n|upkeep\n|turn|26\n|inactive|Time left: 300 sec this turn | 300 sec total\n|\n|t:|1783403092\n|move|p2a: Mandibuzz|Foul Play|p1a: Corviknight\n|-damage|p1a: Corviknight|70/100 par\n|move|p1a: Corviknight|Brave Bird|p2a: Mandibuzz\n|-damage|p2a: Mandibuzz|238/326\n|-damage|p1a: Corviknight|60/100 par|[from] Recoil\n|\n|-heal|p1a: Corviknight|66/100 par|[from] item: Leftovers\n|upkeep\n|turn|27\n|inactive|Time left: 300 sec this turn | 300 sec total\n|\n|t:|1783403092\n|move|p2a: Mandibuzz|Foul Play|p1a: Corviknight\n|-damage|p1a: Corviknight|36/100 par\n|move|p1a: Corviknight|Roost|p1a: Corviknight\n|-heal|p1a: Corviknight|86/100 par\n|-singleturn|p1a: Corviknight|move: Roost\n|\n|-heal|p1a: Corviknight|92/100 par|[from] item: Leftovers\n|upkeep\n|turn|28\n|inactive|Time left: 300 sec this turn | 300 sec total\n|\n|t:|1783403092\n|move|p2a: Mandibuzz|Foul Play|p1a: Corviknight\n|-damage|p1a: Corviknight|64/100 par\n|cant|p1a: Corviknight|par\n|\n|-heal|p1a: Corviknight|70/100 par|[from] item: Leftovers\n|upkeep\n|turn|29\n|inactive|Time left: 300 sec this turn | 300 sec total\n|\n|t:|1783403093\n|move|p2a: Mandibuzz|Roost|p2a: Mandibuzz\n|-heal|p2a: Mandibuzz|326/326\n|-singleturn|p2a: Mandibuzz|move: Roost\n|move|p1a: Corviknight|Roost|p1a: Corviknight\n|-heal|p1a: Corviknight|100/100 par\n|-singleturn|p1a: Corviknight|move: Roost\n|\n|upkeep\n|turn|30\n|inactive|Time left: 300 sec this turn | 300 sec total\n|\n|t:|1783403093\n|move|p2a: Mandibuzz|Foul Play|p1a: Corviknight\n|-damage|p1a: Corviknight|71/100 par\n|move|p1a: Corviknight|Brave Bird|p2a: Mandibuzz\n|-damage|p2a: Mandibuzz|226/326\n|-damage|p1a: Corviknight|60/100 par|[from] Recoil\n|\n|-heal|p1a: Corviknight|66/100 par|[from] item: Leftovers\n|upkeep\n|turn|31\n|inactive|Time left: 300 sec this turn | 300 sec total\n|\n|t:|1783403093\n|move|p2a: Mandibuzz|Roost|p2a: Mandibuzz\n|-heal|p2a: Mandibuzz|326/326\n|-singleturn|p2a: Mandibuzz|move: Roost\n|move|p1a: Corviknight|Roost|p1a: Corviknight\n|-heal|p1a: Corviknight|100/100 par\n|-singleturn|p1a: Corviknight|move: Roost\n|\n|upkeep\n|turn|32\n|inactive|Time left: 300 sec this turn | 300 sec total\n|\n|t:|1783403093\n|move|p2a: Mandibuzz|Foul Play|p1a: Corviknight\n|-damage|p1a: Corviknight|69/100 par\n|move|p1a: Corviknight|Brave Bird|p2a: Mandibuzz\n|-damage|p2a: Mandibuzz|233/326\n|-damage|p1a: Corviknight|58/100 par|[from] Recoil\n|\n|-heal|p1a: Corviknight|64/100 par|[from] item: Leftovers\n|upkeep\n|turn|33\n|inactive|Time left: 300 sec this turn | 300 sec total\n|\n|t:|1783403094\n|move|p2a: Mandibuzz|Roost|p2a: Mandibuzz\n|-heal|p2a: Mandibuzz|326/326\n|-singleturn|p2a: Mandibuzz|move: Roost\n|move|p1a: Corviknight|Roost|p1a: Corviknight\n|-heal|p1a: Corviknight|100/100 par\n|-singleturn|p1a: Corviknight|move: Roost\n|\n|upkeep\n|turn|34\n|inactive|Time left: 300 sec this turn | 300 sec total\n|\n|t:|1783403094\n|move|p2a: Mandibuzz|Foul Play|p1a: Corviknight\n|-damage|p1a: Corviknight|69/100 par\n|move|p1a: Corviknight|Body Press|p2a: Mandibuzz\n|-damage|p2a: Mandibuzz|278/326\n|\n|-heal|p1a: Corviknight|75/100 par|[from] item: Leftovers\n|upkeep\n|turn|35\n|inactive|Time left: 300 sec this turn | 300 sec total\n|\n|t:|1783403094\n|move|p2a: Mandibuzz|Foul Play|p1a: Corviknight\n|-damage|p1a: Corviknight|45/100 par\n|cant|p1a: Corviknight|par\n|\n|-heal|p1a: Corviknight|51/100 par|[from] item: Leftovers\n|upkeep\n|turn|36\n|inactive|Time left: 300 sec this turn | 300 sec total\n|\n|t:|1783403094\n|move|p2a: Mandibuzz|Foul Play|p1a: Corviknight\n|-damage|p1a: Corviknight|22/100 par\n|move|p1a: Corviknight|Roost|p1a: Corviknight\n|-heal|p1a: Corviknight|72/100 par\n|-singleturn|p1a: Corviknight|move: Roost\n|\n|-heal|p1a: Corviknight|79/100 par|[from] item: Leftovers\n|upkeep\n|turn|37\n|inactive|Time left: 300 sec this turn | 300 sec total\n|\n|t:|1783403095\n|move|p2a: Mandibuzz|Foul Play|p1a: Corviknight\n|-damage|p1a: Corviknight|49/100 par\n|cant|p1a: Corviknight|par\n|\n|-heal|p1a: Corviknight|55/100 par|[from] item: Leftovers\n|upkeep\n|turn|38\n|inactive|Time left: 300 sec this turn | 300 sec total\n|\n|t:|1783403095\n|switch|p1a: Scream Tail|Scream Tail, L84|100/100\n|move|p2a: Mandibuzz|Foul Play|p1a: Scream Tail\n|-damage|p1a: Scream Tail|80/100\n|\n|-heal|p1a: Scream Tail|86/100|[from] item: Leftovers\n|upkeep\n|turn|39\n|inactive|Time left: 300 sec this turn | 300 sec total\n|\n|t:|1783403095\n|move|p1a: Scream Tail|Wish|p1a: Scream Tail\n|move|p2a: Mandibuzz|Toxic|p1a: Scream Tail\n|-status|p1a: Scream Tail|tox\n|\n|-heal|p1a: Scream Tail|92/100 tox|[from] item: Leftovers\n|-damage|p1a: Scream Tail|86/100 tox|[from] psn\n|upkeep\n|turn|40\n|inactive|Time left: 300 sec this turn | 300 sec total\n|\n|t:|1783403095\n|-end|p1a: Scream Tail|Protosynthesis|[silent]\n|switch|p1a: Corviknight|Corviknight, L80, F|55/100 par\n|move|p2a: Mandibuzz|Roost|p2a: Mandibuzz\n|-heal|p2a: Mandibuzz|326/326\n|-singleturn|p2a: Mandibuzz|move: Roost\n|\n|-heal|p1a: Corviknight|100/100 par|[from] move: Wish|[wisher] Scream Tail\n|upkeep\n|turn|41\n|inactive|Time left: 300 sec this turn | 300 sec total\n|\n|t:|1783403096\n|move|p2a: Mandibuzz|Foul Play|p1a: Corviknight\n|-damage|p1a: Corviknight|71/100 par\n|move|p1a: Corviknight|Brave Bird|p2a: Mandibuzz\n|-damage|p2a: Mandibuzz|238/326\n|-damage|p1a: Corviknight|61/100 par|[from] Recoil\n|\n|-heal|p1a: Corviknight|67/100 par|[from] item: Leftovers\n|upkeep\n|turn|42\n|inactive|Time left: 300 sec this turn | 300 sec total\n|\n|t:|1783403096\n|switch|p1a: Amoonguss|Amoonguss, L82, M|87/100 par\n|move|p2a: Mandibuzz|Foul Play|p1a: Amoonguss\n|-damage|p1a: Amoonguss|50/100 par\n|\n|-heal|p1a: Amoonguss|57/100 par|[from] item: Leftovers\n|upkeep\n|turn|43\n|inactive|Time left: 300 sec this turn | 300 sec total\n|\n|t:|1783403096\n|switch|p1a: Terapagos|Terapagos, L77, M|100/100\n|-activate|p1a: Terapagos|ability: Tera Shift\n|detailschange|p1a: Terapagos|Terapagos-Terastal, L77, M\n|-heal|p1a: Terapagos|100/100|[silent]\n|move|p2a: Mandibuzz|Toxic|p1a: Terapagos\n|-status|p1a: Terapagos|tox\n|\n|-damage|p1a: Terapagos|94/100 tox|[from] psn\n|upkeep\n|turn|44\n|inactive|Time left: 300 sec this turn | 300 sec total\n|\n|t:|1783403096\n|move|p2a: Mandibuzz|Roost|p2a: Mandibuzz\n|-heal|p2a: Mandibuzz|326/326\n|-singleturn|p2a: Mandibuzz|move: Roost\n|move|p1a: Terapagos|Rest|p1a: Terapagos\n|-status|p1a: Terapagos|slp|[from] move: Rest\n|-heal|p1a: Terapagos|100/100 slp|[silent]\n|-enditem|p1a: Terapagos|Chesto Berry|[eat]\n|-curestatus|p1a: Terapagos|slp|[msg]\n|\n|upkeep\n|turn|45\n|inactive|Time left: 300 sec this turn | 300 sec total\n|\n|t:|1783403097\n|move|p2a: Mandibuzz|Foul Play|p1a: Terapagos\n|-activate|p1a: Terapagos|ability: Tera Shell\n|-resisted|p1a: Terapagos\n|-damage|p1a: Terapagos|87/100\n|move|p1a: Terapagos|Calm Mind|p1a: Terapagos\n|-boost|p1a: Terapagos|spa|1\n|-boost|p1a: Terapagos|spd|1\n|\n|upkeep\n|turn|46\n|inactive|Time left: 300 sec this turn | 300 sec total\n|\n|t:|1783403097\n|move|p2a: Mandibuzz|Toxic|p1a: Terapagos|[miss]\n|-miss|p2a: Mandibuzz|p1a: Terapagos\n|move|p1a: Terapagos|Calm Mind|p1a: Terapagos\n|-boost|p1a: Terapagos|spa|1\n|-boost|p1a: Terapagos|spd|1\n|\n|upkeep\n|turn|47\n|inactive|Time left: 300 sec this turn | 300 sec total\n|\n|t:|1783403097\n|move|p2a: Mandibuzz|Toxic|p1a: Terapagos\n|-status|p1a: Terapagos|tox\n|move|p1a: Terapagos|Tera Starstorm|p2a: Mandibuzz\n|-damage|p2a: Mandibuzz|127/326\n|\n|-damage|p1a: Terapagos|81/100 tox|[from] psn\n|upkeep\n|turn|48\n|inactive|Time left: 300 sec this turn | 300 sec total\n|\n|t:|1783403097\n|move|p2a: Mandibuzz|Roost|p2a: Mandibuzz\n|-heal|p2a: Mandibuzz|290/326\n|-singleturn|p2a: Mandibuzz|move: Roost\n|move|p1a: Terapagos|Tera Starstorm|p2a: Mandibuzz\n|-damage|p2a: Mandibuzz|74/326\n|\n|-damage|p1a: Terapagos|69/100 tox|[from] psn\n|upkeep\n|turn|49\n|inactive|Time left: 300 sec this turn | 300 sec total\n|\n|t:|1783403098\n|move|p2a: Mandibuzz|Roost|p2a: Mandibuzz\n|-heal|p2a: Mandibuzz|237/326\n|-singleturn|p2a: Mandibuzz|move: Roost\n|move|p1a: Terapagos|Rest|p1a: Terapagos\n|-status|p1a: Terapagos|slp|[from] move: Rest\n|-heal|p1a: Terapagos|100/100 slp|[silent]\n|\n|upkeep\n|turn|50\n|inactive|Time left: 300 sec this turn | 300 sec total\n|\n|t:|1783403098\n|move|p2a: Mandibuzz|Foul Play|p1a: Terapagos\n|-activate|p1a: Terapagos|ability: Tera Shell\n|-resisted|p1a: Terapagos\n|-damage|p1a: Terapagos|87/100 slp\n|cant|p1a: Terapagos|slp\n|\n|upkeep\n|turn|51\n|inactive|Time left: 300 sec this turn | 300 sec total\n|\n|t:|1783403098\n|move|p2a: Mandibuzz|Foul Play|p1a: Terapagos\n|-damage|p1a: Terapagos|62/100 slp\n|cant|p1a: Terapagos|slp\n|\n|upkeep\n|turn|52\n|inactive|Time left: 300 sec this turn | 300 sec total\n|\n|t:|1783403098\n|move|p2a: Mandibuzz|Foul Play|p1a: Terapagos\n|-damage|p1a: Terapagos|38/100 slp\n|-curestatus|p1a: Terapagos|slp|[msg]\n|move|p1a: Terapagos|Tera Starstorm|p2a: Mandibuzz\n|-damage|p2a: Mandibuzz|38/326\n|\n|upkeep\n|turn|53\n|inactive|Time left: 300 sec this turn | 300 sec total\n|\n|t:|1783403099\n|move|p2a: Mandibuzz|Foul Play|p1a: Terapagos\n|-damage|p1a: Terapagos|11/100\n|move|p1a: Terapagos|Rest|p1a: Terapagos\n|-status|p1a: Terapagos|slp|[from] move: Rest\n|-heal|p1a: Terapagos|100/100 slp|[silent]\n|\n|upkeep\n|turn|54\n|inactive|Time left: 300 sec this turn | 300 sec total\n|\n|t:|1783403099\n|switch|p2a: Volbeat|Volbeat, L90, M|263/263\n|cant|p1a: Terapagos|slp\n|\n|upkeep\n|turn|55\n|inactive|Time left: 300 sec this turn | 300 sec total\n|\n|t:|1783403099\n|move|p2a: Volbeat|Encore|p1a: Terapagos\n|-start|p1a: Terapagos|Encore\n|cant|p1a: Terapagos|slp\n|\n|upkeep\n|turn|56\n|inactive|Time left: 300 sec this turn | 300 sec total\n|\n|t:|1783403099\n|switch|p1a: Corviknight|Corviknight, L80, F|67/100 par\n|move|p2a: Volbeat|Lunge|p1a: Corviknight\n|-resisted|p1a: Corviknight\n|-damage|p1a: Corviknight|61/100 par\n|-ability|p1a: Corviknight|Mirror Armor\n|-unboost|p2a: Volbeat|atk|1\n|\n|-heal|p1a: Corviknight|67/100 par|[from] item: Leftovers\n|upkeep\n|turn|57\n|inactive|Time left: 300 sec this turn | 300 sec total\n|\n|t:|1783403100\n|move|p2a: Volbeat|Lunge|p1a: Corviknight\n|-resisted|p1a: Corviknight\n|-damage|p1a: Corviknight|63/100 par\n|-ability|p1a: Corviknight|Mirror Armor\n|-unboost|p2a: Volbeat|atk|1\n|move|p1a: Corviknight|Brave Bird|p2a: Volbeat\n|-supereffective|p2a: Volbeat\n|-damage|p2a: Volbeat|17/263\n|-damage|p1a: Corviknight|35/100 par|[from] Recoil\n|\n|-heal|p1a: Corviknight|41/100 par|[from] item: Leftovers\n|upkeep\n|turn|58\n|inactive|Time left: 300 sec this turn | 300 sec total\n|\n|t:|1783403100\n|move|p2a: Volbeat|Roost|p2a: Volbeat\n|-heal|p2a: Volbeat|149/263\n|-singleturn|p2a: Volbeat|move: Roost\n|move|p1a: Corviknight|Brave Bird|p2a: Volbeat\n|-supereffective|p2a: Volbeat\n|-damage|p2a: Volbeat|0 fnt\n|faint|p2a: Volbeat\n|-damage|p1a: Corviknight|24/100 par|[from] Recoil\n|\n|-heal|p1a: Corviknight|30/100 par|[from] item: Leftovers\n|upkeep\n|inactive|Time left: 300 sec this turn | 300 sec total | 5 sec grace\n|\n|t:|1783403100\n|switch|p2a: Mandibuzz|Mandibuzz, L85, F|38/326\n|turn|59\n|inactive|Time left: 300 sec this turn | 300 sec total\n|\n|t:|1783403100\n|move|p2a: Mandibuzz|Foul Play|p1a: Corviknight\n|-damage|p1a: Corviknight|0 fnt\n|faint|p1a: Corviknight\n|\n|upkeep\n|\n|t:|1783403101\n|switch|p1a: Terapagos|Terapagos-Terastal, L77, M|100/100 slp\n|turn|60\n|inactive|Time left: 300 sec this turn | 300 sec total\n|\n|t:|1783403101\n|switch|p2a: Dialga|Dialga-Origin, L73|123/266 slp\n|-ability|p2a: Dialga|Pressure\n|-curestatus|p1a: Terapagos|slp|[msg]\n|move|p1a: Terapagos|Tera Starstorm|p2a: Dialga\n|-resisted|p2a: Dialga\n|-damage|p2a: Dialga|75/266 slp\n|\n|upkeep\n|turn|61\n|inactive|Time left: 300 sec this turn | 300 sec total\n|\n|t:|1783403101\n|move|p1a: Terapagos|Tera Starstorm|p2a: Dialga\n|-resisted|p2a: Dialga\n|-damage|p2a: Dialga|24/266 slp\n|cant|p2a: Dialga|slp\n|\n|upkeep\n|turn|62\n|inactive|Time left: 300 sec this turn | 300 sec total\n|\n|t:|1783403101\n|switch|p2a: Mandibuzz|Mandibuzz, L85, F|38/326\n|move|p1a: Terapagos|Dark Pulse|p2a: Mandibuzz\n|-resisted|p2a: Mandibuzz\n|-damage|p2a: Mandibuzz|16/326\n|\n|upkeep\n|turn|63\n|inactive|Time left: 300 sec this turn | 300 sec total\n|\n|t:|1783403101\n|move|p2a: Mandibuzz|Foul Play|p1a: Terapagos\n|-activate|p1a: Terapagos|ability: Tera Shell\n|-resisted|p1a: Terapagos\n|-damage|p1a: Terapagos|87/100\n|move|p1a: Terapagos|Dark Pulse|p2a: Mandibuzz\n|-resisted|p2a: Mandibuzz\n|-damage|p2a: Mandibuzz|0 fnt\n|faint|p2a: Mandibuzz\n|\n|upkeep\n|inactive|Time left: 300 sec this turn | 300 sec total | 5 sec grace\n|\n|t:|1783403102\n|switch|p2a: Dialga|Dialga-Origin, L73|24/266 slp\n|-ability|p2a: Dialga|Pressure\n|turn|64\n|inactive|Time left: 300 sec this turn | 300 sec total\n|\n|t:|1783403102\n|move|p1a: Terapagos|Tera Starstorm|p2a: Dialga\n|-resisted|p2a: Dialga\n|-damage|p2a: Dialga|0 fnt\n|faint|p2a: Dialga\n|\n|win|p0x001dd6e", "uploadtime": 1783403102, "views": 0, "rating": 0, "private": 0, "password": null, "_winner": "p0x001dd6e", "_our_name": "p0y0019699"}