{"id": "battle-gen9randombattle-147", "formatid": "gen9randombattle", "format": "[Gen 9] Random Battle", "players": ["p0x007df82", "p0y0079be9"], "log": "|init|battle\n|title|p0x007df82 vs. p0y0079be9\n|j|\u2606p0x007df82\n|j|\u2606p0y0079be9\n|t:|1783403185\n|gametype|singles\n|player|p1|p0x007df82|2|\n|player|p2|p0y0079be9|266|\n|gen|9\n|tier|[Gen 9] Random Battle\n|rule|Species Clause: Limit one of each Pok\u00e9mon\n|rule|HP Percentage Mod: HP is shown in percentages\n|rule|Sleep Clause Mod: Limit one foe put to sleep\n|rule|Illusion Level Mod: Illusion disguises the Pok\u00e9mon's true level\n|\n|t:|1783403185\n|teamsize|p1|6\n|teamsize|p2|6\n|start\n|switch|p1a: Brute Bonnet|Brute Bonnet, L80|309/309\n|switch|p2a: Copperajah|Copperajah, L86, M|100/100\n|turn|1\n|inactive|Battle timer is ON: inactive players will automatically lose when time's up. (requested by p0y0079be9)\n|inactive|Time left: 300 sec this turn | 300 sec total | 60 sec grace\n|inactive|p0x007df82 also wants the timer to be on.\n|\n|t:|1783403185\n|move|p1a: Brute Bonnet|Spore|p2a: Copperajah\n|-status|p2a: Copperajah|slp|[from] move: Spore\n|cant|p2a: Copperajah|slp\n|\n|upkeep\n|turn|2\n|inactive|Time left: 300 sec this turn | 300 sec total\n|\n|t:|1783403185\n|switch|p2a: Spidops|Spidops, L96, M|100/100\n|move|p1a: Brute Bonnet|Crunch|p2a: Spidops\n|-damage|p2a: Spidops|71/100\n|\n|upkeep\n|turn|3\n|inactive|Time left: 300 sec this turn | 300 sec total\n|\n|t:|1783403186\n|move|p1a: Brute Bonnet|Crunch|p2a: Spidops\n|-damage|p2a: Spidops|41/100\n|move|p2a: Spidops|Sticky Web|p1a: Brute Bonnet\n|-sidestart|p1: p0x007df82|move: Sticky Web\n|\n|upkeep\n|turn|4\n|inactive|Time left: 300 sec this turn | 300 sec total\n|\n|t:|1783403186\n|switch|p2a: Zacian|Zacian, L69|100/100\n|-ability|p2a: Zacian|Intrepid Sword|boost\n|-boost|p2a: Zacian|atk|1\n|move|p1a: Brute Bonnet|Crunch|p2a: Zacian\n|-resisted|p2a: Zacian\n|-damage|p2a: Zacian|82/100\n|\n|upkeep\n|turn|5\n|inactive|Time left: 300 sec this turn | 300 sec total\n|\n|t:|1783403186\n|-end|p1a: Brute Bonnet|Protosynthesis|[silent]\n|switch|p1a: Corviknight|Corviknight, L80, M|288/288\n|-ability|p1a: Corviknight|Pressure\n|move|p2a: Zacian|Play Rough|p1a: Corviknight\n|-resisted|p1a: Corviknight\n|-damage|p1a: Corviknight|218/288\n|-damage|p2a: Zacian|65/100|[from] item: Rocky Helmet|[of] p1a: Corviknight\n|-damage|p2a: Zacian|55/100|[from] item: Life Orb\n|\n|upkeep\n|turn|6\n|inactive|Time left: 300 sec this turn | 300 sec total\n|\n|t:|1783403186\n|move|p2a: Zacian|Swords Dance|p2a: Zacian\n|-boost|p2a: Zacian|atk|2\n|move|p1a: Corviknight|Defog|p2a: Zacian\n|-unboost|p2a: Zacian|evasion|1\n|-sideend|p1: p0x007df82|Sticky Web|[from] move: Defog|[of] p1a: Corviknight\n|\n|upkeep\n|turn|7\n|inactive|Time left: 300 sec this turn | 300 sec total\n|\n|t:|1783403187\n|move|p2a: Zacian|Wild Charge|p1a: Corviknight\n|-supereffective|p1a: Corviknight\n|-damage|p1a: Corviknight|0 fnt\n|-damage|p2a: Zacian|39/100|[from] item: Rocky Helmet|[of] p1a: Corviknight\n|faint|p1a: Corviknight\n|-damage|p2a: Zacian|16/100|[from] Recoil\n|-damage|p2a: Zacian|6/100|[from] item: Life Orb\n|\n|upkeep\n|inactive|Time left: 300 sec this turn | 300 sec total | 5 sec grace\n|\n|t:|1783403187\n|switch|p1a: Meowstic|Meowstic-F, L89, F|277/277\n|turn|8\n|inactive|Time left: 300 sec this turn | 300 sec total\n|\n|t:|1783403187\n|move|p1a: Meowstic|Psyshock|p2a: Zacian\n|-damage|p2a: Zacian|0 fnt\n|faint|p2a: Zacian\n|-damage|p1a: Meowstic|250/277|[from] item: Life Orb\n|\n|upkeep\n|\n|t:|1783403187\n|switch|p2a: Spidops|Spidops, L96, M|41/100\n|turn|9\n|inactive|Time left: 300 sec this turn | 300 sec total\n|\n|t:|1783403188\n|move|p1a: Meowstic|Nasty Plot|p1a: Meowstic\n|-boost|p1a: Meowstic|spa|2\n|move|p2a: Spidops|Sticky Web|p1a: Meowstic\n|-sidestart|p1: p0x007df82|move: Sticky Web\n|\n|upkeep\n|turn|10\n|inactive|Time left: 300 sec this turn | 300 sec total\n|\n|t:|1783403188\n|switch|p2a: Goodra|Goodra-Hisui, L82, F|100/100\n|move|p1a: Meowstic|Psyshock|p2a: Goodra\n|-resisted|p2a: Goodra\n|-crit|p2a: Goodra\n|-damage|p2a: Goodra|46/100\n|-damage|p1a: Meowstic|223/277|[from] item: Life Orb\n|\n|upkeep\n|turn|11\n|inactive|Time left: 300 sec this turn | 300 sec total\n|\n|t:|1783403188\n|move|p1a: Meowstic|Nasty Plot|p1a: Meowstic\n|-boost|p1a: Meowstic|spa|2\n|move|p2a: Goodra|Heavy Slam|p1a: Meowstic\n|-damage|p1a: Meowstic|82/277\n|\n|upkeep\n|turn|12\n|inactive|Time left: 300 sec this turn | 300 sec total\n|\n|t:|1783403188\n|switch|p2a: Zarude|Zarude, L77|100/100\n|move|p1a: Meowstic|Psyshock|p2a: Zarude\n|-immune|p2a: Zarude\n|\n|upkeep\n|turn|13\n|inactive|Time left: 300 sec this turn | 300 sec total\n|\n|t:|1783403189\n|move|p2a: Zarude|Power Whip|p1a: Meowstic\n|-damage|p1a: Meowstic|0 fnt\n|faint|p1a: Meowstic\n|\n|upkeep\n|inactive|Time left: 300 sec this turn | 300 sec total | 5 sec grace\n|\n|t:|1783403189\n|switch|p1a: Roaring Moon|Roaring Moon, L72|270/270\n|-activate|p1a: Roaring Moon|move: Sticky Web\n|-unboost|p1a: Roaring Moon|spe|1\n|-enditem|p1a: Roaring Moon|Booster Energy\n|-activate|p1a: Roaring Moon|ability: Protosynthesis|[fromitem]\n|-start|p1a: Roaring Moon|protosynthesisatk\n|turn|14\n|inactive|Time left: 300 sec this turn | 300 sec total\n|\n|t:|1783403189\n|move|p2a: Zarude|Power Whip|p1a: Roaring Moon\n|-resisted|p1a: Roaring Moon\n|-damage|p1a: Roaring Moon|180/270\n|move|p1a: Roaring Moon|Dragon Dance|p1a: Roaring Moon\n|-boost|p1a: Roaring Moon|atk|1\n|-boost|p1a: Roaring Moon|spe|1\n|\n|upkeep\n|turn|15\n|inactive|Time left: 300 sec this turn | 300 sec total\n|\n|t:|1783403189\n|switch|p2a: Copperajah|Copperajah, L86, M|100/100 slp\n|move|p1a: Roaring Moon|Dragon Dance|p1a: Roaring Moon\n|-boost|p1a: Roaring Moon|atk|1\n|-boost|p1a: Roaring Moon|spe|1\n|\n|upkeep\n|turn|16\n|inactive|Time left: 300 sec this turn | 300 sec total\n|\n|t:|1783403190\n|move|p1a: Roaring Moon|Outrage|p2a: Copperajah\n|-resisted|p2a: Copperajah\n|-damage|p2a: Copperajah|44/100 slp\n|cant|p2a: Copperajah|slp\n|\n|upkeep\n|turn|17\n|inactive|Time left: 300 sec this turn | 300 sec total\n|\n|t:|1783403190\n|move|p1a: Roaring Moon|Outrage|p2a: Copperajah|[from] lockedmove\n|-resisted|p2a: Copperajah\n|-crit|p2a: Copperajah\n|-damage|p2a: Copperajah|0 fnt\n|faint|p2a: Copperajah\n|-start|p1a: Roaring Moon|confusion|[fatigue]\n|\n|upkeep\n|\n|t:|1783403190\n|switch|p2a: Zarude|Zarude, L77|100/100\n|turn|18\n|inactive|Time left: 300 sec this turn | 300 sec total\n|\n|t:|1783403190\n|-activate|p1a: Roaring Moon|confusion\n|-damage|p1a: Roaring Moon|108/270|[from] confusion\n|move|p2a: Zarude|Close Combat|p1a: Roaring Moon\n|-supereffective|p1a: Roaring Moon\n|-damage|p1a: Roaring Moon|0 fnt\n|-unboost|p2a: Zarude|def|1\n|-unboost|p2a: Zarude|spd|1\n|faint|p1a: Roaring Moon\n|-end|p1a: Roaring Moon|Protosynthesis|[silent]\n|\n|upkeep\n|inactive|Time left: 300 sec this turn | 300 sec total | 5 sec grace\n|\n|t:|1783403191\n|switch|p1a: Gholdengo|Gholdengo, L77|261/261\n|-activate|p1a: Gholdengo|move: Sticky Web\n|-unboost|p1a: Gholdengo|spe|1\n|turn|19\n|inactive|Time left: 300 sec this turn | 300 sec total\n|\n|t:|1783403191\n|switch|p2a: Zebstrika|Zebstrika, L87, M|100/100\n|move|p1a: Gholdengo|Nasty Plot|p1a: Gholdengo\n|-boost|p1a: Gholdengo|spa|2\n|\n|upkeep\n|turn|20\n|inactive|Time left: 300 sec this turn | 300 sec total\n|\n|t:|1783403191\n|-terastallize|p2a: Zebstrika|Ground\n|-terastallize|p1a: Gholdengo|Dark\n|move|p2a: Zebstrika|High Horsepower|p1a: Gholdengo\n|-damage|p1a: Gholdengo|117/261\n|-damage|p2a: Zebstrika|91/100|[from] item: Life Orb\n|move|p1a: Gholdengo|Shadow Ball|p2a: Zebstrika\n|-damage|p2a: Zebstrika|6/100\n|\n|-heal|p1a: Gholdengo|133/261|[from] item: Leftovers\n|upkeep\n|turn|21\n|inactive|Time left: 300 sec this turn | 300 sec total\n|\n|t:|1783403191\n|switch|p1a: Brute Bonnet|Brute Bonnet, L80|309/309\n|-activate|p1a: Brute Bonnet|move: Sticky Web\n|-unboost|p1a: Brute Bonnet|spe|1\n|move|p2a: Zebstrika|High Horsepower|p1a: Brute Bonnet\n|-resisted|p1a: Brute Bonnet\n|-damage|p1a: Brute Bonnet|239/309\n|-damage|p2a: Zebstrika|0 fnt|[from] item: Life Orb\n|faint|p2a: Zebstrika\n|\n|-heal|p1a: Brute Bonnet|258/309|[from] item: Leftovers\n|upkeep\n|\n|t:|1783403192\n|switch|p2a: Zarude|Zarude, L77|100/100\n|turn|22\n|inactive|Time left: 300 sec this turn | 300 sec total\n|\n|t:|1783403192\n|move|p2a: Zarude|U-turn|p1a: Brute Bonnet\n|-supereffective|p1a: Brute Bonnet\n|-damage|p1a: Brute Bonnet|62/309\n|\n|t:|1783403192\n|switch|p2a: Spidops|Spidops, L96, M|41/100|[from] U-turn\n|move|p1a: Brute Bonnet|Crunch|p2a: Spidops\n|-damage|p2a: Spidops|9/100\n|\n|-heal|p1a: Brute Bonnet|81/309|[from] item: Leftovers\n|upkeep\n|turn|23\n|inactive|Time left: 300 sec this turn | 300 sec total\n|\n|t:|1783403192\n|move|p1a: Brute Bonnet|Sucker Punch||[still]\n|-fail|p1a: Brute Bonnet\n|move|p2a: Spidops|Toxic Spikes|p1a: Brute Bonnet\n|-sidestart|p1: p0x007df82|move: Toxic Spikes\n|\n|-heal|p1a: Brute Bonnet|100/309|[from] item: Leftovers\n|upkeep\n|turn|24\n|inactive|Time left: 300 sec this turn | 300 sec total\n|\n|t:|1783403193\n|switch|p2a: Zarude|Zarude, L77|100/100\n|move|p1a: Brute Bonnet|Crunch|p2a: Zarude\n|-resisted|p2a: Zarude\n|-damage|p2a: Zarude|85/100\n|\n|-heal|p1a: Brute Bonnet|119/309|[from] item: Leftovers\n|upkeep\n|turn|25\n|inactive|Time left: 300 sec this turn | 300 sec total\n|\n|t:|1783403193\n|-end|p1a: Brute Bonnet|Protosynthesis|[silent]\n|switch|p1a: Qwilfish|Qwilfish, L86, F|252/252\n|-sideend|p1: p0x007df82|move: Toxic Spikes|[of] p1a: Qwilfish\n|-ability|p1a: Qwilfish|Intimidate|boost\n|-unboost|p2a: Zarude|atk|1\n|move|p2a: Zarude|U-turn|p1a: Qwilfish\n|-resisted|p1a: Qwilfish\n|-damage|p1a: Qwilfish|237/252\n|\n|t:|1783403193\n|switch|p2a: Goodra|Goodra-Hisui, L82, F|46/100|[from] U-turn\n|\n|upkeep\n|turn|26\n|inactive|Time left: 300 sec this turn | 300 sec total\n|\n|t:|1783403193\n|move|p1a: Qwilfish|Flip Turn|p2a: Goodra\n|-resisted|p2a: Goodra\n|-damage|p2a: Goodra|35/100\n|inactive|Time left: 300 sec this turn | 300 sec total | 5 sec grace\n|\n|t:|1783403194\n|switch|p1a: Brute Bonnet|Brute Bonnet, L80|119/309|[from] Flip Turn\n|-activate|p1a: Brute Bonnet|move: Sticky Web\n|-unboost|p1a: Brute Bonnet|spe|1\n|move|p2a: Goodra|Heavy Slam|p1a: Brute Bonnet\n|-damage|p1a: Brute Bonnet|8/309\n|\n|-heal|p1a: Brute Bonnet|27/309|[from] item: Leftovers\n|upkeep\n|turn|27\n|inactive|Time left: 300 sec this turn | 300 sec total\n|\n|t:|1783403194\n|switch|p2a: Zarude|Zarude, L77|85/100\n|move|p1a: Brute Bonnet|Sucker Punch||[still]\n|-fail|p1a: Brute Bonnet\n|\n|-heal|p1a: Brute Bonnet|46/309|[from] item: Leftovers\n|upkeep\n|turn|28\n|inactive|Time left: 300 sec this turn | 300 sec total\n|\n|t:|1783403194\n|move|p1a: Brute Bonnet|Sucker Punch|p2a: Zarude\n|-resisted|p2a: Zarude\n|-crit|p2a: Zarude\n|-damage|p2a: Zarude|62/100\n|move|p2a: Zarude|U-turn|p1a: Brute Bonnet\n|-supereffective|p1a: Brute Bonnet\n|-damage|p1a: Brute Bonnet|0 fnt\n|faint|p1a: Brute Bonnet\n|-end|p1a: Brute Bonnet|Protosynthesis|[silent]\n|\n|t:|1783403194\n|switch|p2a: Goodra|Goodra-Hisui, L82, F|35/100|[from] U-turn\n|\n|upkeep\n|inactive|Time left: 300 sec this turn | 300 sec total | 10 sec grace\n|\n|t:|1783403195\n|switch|p1a: Qwilfish|Qwilfish, L86, F|237/252\n|-ability|p1a: Qwilfish|Intimidate|boost\n|-unboost|p2a: Goodra|atk|1\n|turn|29\n|inactive|Time left: 300 sec this turn | 300 sec total\n|\n|t:|1783403195\n|move|p1a: Qwilfish|Thunder Wave|p2a: Goodra\n|-status|p2a: Goodra|par\n|move|p2a: Goodra|Thunderbolt|p1a: Qwilfish\n|-supereffective|p1a: Qwilfish\n|-damage|p1a: Qwilfish|65/252\n|\n|upkeep\n|turn|30\n|inactive|Time left: 300 sec this turn | 300 sec total\n|\n|t:|1783403195\n|move|p1a: Qwilfish|Pain Split|p2a: Goodra\n|-sethp|p2a: Goodra|30/100 par|[from] move: Pain Split|[silent]\n|-sethp|p1a: Qwilfish|78/252|[from] move: Pain Split\n|move|p2a: Goodra|Draco Meteor|p1a: Qwilfish\n|-damage|p1a: Qwilfish|0 fnt\n|-unboost|p2a: Goodra|spa|2\n|faint|p1a: Qwilfish\n|\n|upkeep\n|inactive|Time left: 300 sec this turn | 300 sec total | 5 sec grace\n|\n|t:|1783403195\n|switch|p1a: Gholdengo|Gholdengo, L77, tera:Dark|133/261\n|-activate|p1a: Gholdengo|move: Sticky Web\n|-unboost|p1a: Gholdengo|spe|1\n|turn|31\n|inactive|Time left: 300 sec this turn | 300 sec total\n|\n|t:|1783403195\n|switch|p2a: Zarude|Zarude, L77|62/100\n|move|p1a: Gholdengo|Recover|p1a: Gholdengo\n|-heal|p1a: Gholdengo|261/261\n|\n|upkeep\n|turn|32\n|inactive|Time left: 300 sec this turn | 300 sec total\n|\n|t:|1783403196\n|move|p2a: Zarude|Close Combat|p1a: Gholdengo\n|-supereffective|p1a: Gholdengo\n|-damage|p1a: Gholdengo|85/261\n|-unboost|p2a: Zarude|def|1\n|-unboost|p2a: Zarude|spd|1\n|move|p1a: Gholdengo|Recover|p1a: Gholdengo\n|-heal|p1a: Gholdengo|216/261\n|\n|-heal|p1a: Gholdengo|232/261|[from] item: Leftovers\n|upkeep\n|turn|33\n|inactive|Time left: 300 sec this turn | 300 sec total\n|\n|t:|1783403196\n|move|p2a: Zarude|Close Combat|p1a: Gholdengo\n|-supereffective|p1a: Gholdengo\n|-damage|p1a: Gholdengo|62/261\n|-unboost|p2a: Zarude|def|1\n|-unboost|p2a: Zarude|spd|1\n|move|p1a: Gholdengo|Make It Rain|p2a: Zarude\n|-damage|p2a: Zarude|0 fnt\n|-unboost|p1a: Gholdengo|spa|1\n|faint|p2a: Zarude\n|\n|-heal|p1a: Gholdengo|78/261|[from] item: Leftovers\n|upkeep\n|\n|t:|1783403196\n|switch|p2a: Goodra|Goodra-Hisui, L82, F|30/100 par\n|turn|34\n|inactive|Time left: 300 sec this turn | 300 sec total\n|\n|t:|1783403197\n|move|p1a: Gholdengo|Recover|p1a: Gholdengo\n|-heal|p1a: Gholdengo|209/261\n|move|p2a: Goodra|Thunderbolt|p1a: Gholdengo\n|-crit|p1a: Gholdengo\n|-damage|p1a: Gholdengo|94/261\n|-status|p1a: Gholdengo|par\n|\n|-heal|p1a: Gholdengo|110/261 par|[from] item: Leftovers\n|upkeep\n|turn|35\n|inactive|Time left: 300 sec this turn | 300 sec total\n|\n|t:|1783403197\n|move|p2a: Goodra|Heavy Slam|p1a: Gholdengo\n|-damage|p1a: Gholdengo|0 fnt\n|faint|p1a: Gholdengo\n|\n|win|p0y0079be9", "uploadtime": 1783403197, "views": 0, "rating": 0, "private": 0, "password": null, "_winner": "p0y0079be9", "_our_name": "p0x007df82"}