{"id": "battle-gen9randombattle-150", "formatid": "gen9randombattle", "format": "[Gen 9] Random Battle", "players": ["p0x0104b4f", "p0y010e6fb"], "log": "|init|battle\n|title|p0x0104b4f vs. p0y010e6fb\n|j|\u2606p0x0104b4f\n|j|\u2606p0y010e6fb\n|t:|1783403234\n|gametype|singles\n|player|p1|p0x0104b4f|102|\n|player|p2|p0y010e6fb|2|\n|gen|9\n|tier|[Gen 9] Random Battle\n|rule|Species Clause: Limit one of each Pok\u00e9mon\n|rule|HP Percentage Mod: HP is shown in percentages\n|rule|Sleep Clause Mod: Limit one foe put to sleep\n|rule|Illusion Level Mod: Illusion disguises the Pok\u00e9mon's true level\n|\n|t:|1783403234\n|teamsize|p1|6\n|teamsize|p2|6\n|start\n|switch|p1a: Toucannon|Toucannon, L88, M|284/284\n|switch|p2a: Raging Bolt|Raging Bolt, L78|100/100\n|turn|1\n|inactive|Battle timer is ON: inactive players will automatically lose when time's up. (requested by p0x0104b4f)\n|inactive|p0y010e6fb also wants the timer to be on.\n|\n|t:|1783403235\n|switch|p1a: Ariados|Ariados, L95, F|287/287\n|move|p2a: Raging Bolt|Calm Mind|p2a: Raging Bolt\n|-boost|p2a: Raging Bolt|spa|1\n|-boost|p2a: Raging Bolt|spd|1\n|\n|upkeep\n|turn|2\n|inactive|Time left: 300 sec this turn | 300 sec total\n|\n|t:|1783403235\n|move|p2a: Raging Bolt|Thunderbolt|p1a: Ariados\n|-damage|p1a: Ariados|115/287\n|-status|p1a: Ariados|par\n|move|p1a: Ariados|Sticky Web|p2a: Raging Bolt\n|-sidestart|p2: p0y010e6fb|move: Sticky Web\n|\n|upkeep\n|turn|3\n|inactive|Time left: 300 sec this turn | 300 sec total\n|\n|t:|1783403235\n|switch|p1a: Raikou|Raikou, L81|278/278\n|-ability|p1a: Raikou|Pressure\n|move|p2a: Raging Bolt|Thunderbolt|p1a: Raikou\n|-resisted|p1a: Raikou\n|-damage|p1a: Raikou|205/278\n|\n|upkeep\n|turn|4\n|inactive|Time left: 300 sec this turn | 300 sec total\n|\n|t:|1783403235\n|move|p1a: Raikou|Calm Mind|p1a: Raikou\n|-boost|p1a: Raikou|spa|1\n|-boost|p1a: Raikou|spd|1\n|move|p2a: Raging Bolt|Calm Mind|p2a: Raging Bolt\n|-boost|p2a: Raging Bolt|spa|1\n|-boost|p2a: Raging Bolt|spd|1\n|\n|upkeep\n|turn|5\n|inactive|Time left: 300 sec this turn | 300 sec total\n|\n|t:|1783403236\n|move|p1a: Raikou|Calm Mind|p1a: Raikou\n|-boost|p1a: Raikou|spa|1\n|-boost|p1a: Raikou|spd|1\n|move|p2a: Raging Bolt|Calm Mind|p2a: Raging Bolt\n|-boost|p2a: Raging Bolt|spa|1\n|-boost|p2a: Raging Bolt|spd|1\n|\n|upkeep\n|turn|6\n|inactive|Time left: 300 sec this turn | 300 sec total\n|\n|t:|1783403236\n|-terastallize|p2a: Raging Bolt|Electric\n|move|p1a: Raikou|Calm Mind|p1a: Raikou\n|-boost|p1a: Raikou|spa|1\n|-boost|p1a: Raikou|spd|1\n|move|p2a: Raging Bolt|Thunderbolt|p1a: Raikou\n|-resisted|p1a: Raikou\n|-damage|p1a: Raikou|131/278\n|\n|upkeep\n|turn|7\n|inactive|Time left: 300 sec this turn | 300 sec total\n|\n|t:|1783403236\n|move|p1a: Raikou|Calm Mind|p1a: Raikou\n|-boost|p1a: Raikou|spa|1\n|-boost|p1a: Raikou|spd|1\n|move|p2a: Raging Bolt|Calm Mind|p2a: Raging Bolt\n|-boost|p2a: Raging Bolt|spa|1\n|-boost|p2a: Raging Bolt|spd|1\n|\n|upkeep\n|turn|8\n|inactive|Time left: 300 sec this turn | 300 sec total\n|\n|t:|1783403236\n|move|p1a: Raikou|Calm Mind|p1a: Raikou\n|-boost|p1a: Raikou|spa|1\n|-boost|p1a: Raikou|spd|1\n|move|p2a: Raging Bolt|Draco Meteor|p1a: Raikou\n|-damage|p1a: Raikou|0 fnt\n|-unboost|p2a: Raging Bolt|spa|2\n|faint|p1a: Raikou\n|\n|upkeep\n|inactive|Time left: 300 sec this turn | 300 sec total | 5 sec grace\n|\n|t:|1783403237\n|switch|p1a: Zarude|Zarude, L77|288/288\n|turn|9\n|inactive|Time left: 300 sec this turn | 300 sec total\n|\n|t:|1783403237\n|move|p1a: Zarude|Power Whip|p2a: Raging Bolt\n|-damage|p2a: Raging Bolt|59/100\n|move|p2a: Raging Bolt|Draco Meteor|p1a: Zarude\n|-damage|p1a: Zarude|0 fnt\n|-unboost|p2a: Raging Bolt|spa|2\n|faint|p1a: Zarude\n|\n|-heal|p2a: Raging Bolt|66/100|[from] item: Leftovers\n|upkeep\n|inactive|Time left: 300 sec this turn | 300 sec total | 5 sec grace\n|\n|t:|1783403237\n|switch|p1a: Zapdos|Zapdos, L78|268/268\n|turn|10\n|inactive|Time left: 300 sec this turn | 300 sec total\n|\n|t:|1783403237\n|move|p1a: Zapdos|Hurricane|p2a: Raging Bolt\n|-resisted|p2a: Raging Bolt\n|-damage|p2a: Raging Bolt|58/100\n|-start|p2a: Raging Bolt|confusion\n|-activate|p2a: Raging Bolt|confusion\n|move|p2a: Raging Bolt|Thunderbolt|p1a: Zapdos\n|-damage|p1a: Zapdos|98/268\n|\n|-heal|p2a: Raging Bolt|64/100|[from] item: Leftovers\n|upkeep\n|turn|11\n|inactive|Time left: 300 sec this turn | 300 sec total\n|\n|t:|1783403238\n|move|p1a: Zapdos|Roost|p1a: Zapdos\n|-heal|p1a: Zapdos|232/268\n|-singleturn|p1a: Zapdos|move: Roost\n|-activate|p2a: Raging Bolt|confusion\n|move|p2a: Raging Bolt|Calm Mind|p2a: Raging Bolt\n|-boost|p2a: Raging Bolt|spa|1\n|-boost|p2a: Raging Bolt|spd|1\n|\n|-heal|p2a: Raging Bolt|70/100|[from] item: Leftovers\n|upkeep\n|turn|12\n|inactive|Time left: 300 sec this turn | 300 sec total\n|\n|t:|1783403238\n|move|p1a: Zapdos|Roost|p1a: Zapdos\n|-heal|p1a: Zapdos|268/268\n|-singleturn|p1a: Zapdos|move: Roost\n|-end|p2a: Raging Bolt|confusion\n|move|p2a: Raging Bolt|Thunderbolt|p1a: Zapdos\n|-resisted|p1a: Zapdos\n|-damage|p1a: Zapdos|142/268\n|\n|-heal|p2a: Raging Bolt|77/100|[from] item: Leftovers\n|upkeep\n|turn|13\n|inactive|Time left: 300 sec this turn | 300 sec total\n|\n|t:|1783403238\n|move|p1a: Zapdos|Roost|p1a: Zapdos\n|-heal|p1a: Zapdos|268/268\n|-singleturn|p1a: Zapdos|move: Roost\n|move|p2a: Raging Bolt|Thunderbolt|p1a: Zapdos\n|-resisted|p1a: Zapdos\n|-crit|p1a: Zapdos\n|-damage|p1a: Zapdos|102/268\n|\n|-heal|p2a: Raging Bolt|83/100|[from] item: Leftovers\n|upkeep\n|turn|14\n|inactive|Time left: 300 sec this turn | 300 sec total\n|\n|t:|1783403238\n|move|p1a: Zapdos|Roost|p1a: Zapdos\n|-heal|p1a: Zapdos|236/268\n|-singleturn|p1a: Zapdos|move: Roost\n|move|p2a: Raging Bolt|Thunderbolt|p1a: Zapdos\n|-resisted|p1a: Zapdos\n|-damage|p1a: Zapdos|110/268\n|\n|-heal|p2a: Raging Bolt|89/100|[from] item: Leftovers\n|upkeep\n|turn|15\n|inactive|Time left: 300 sec this turn | 300 sec total\n|\n|t:|1783403239\n|move|p1a: Zapdos|Roost|p1a: Zapdos\n|-heal|p1a: Zapdos|244/268\n|-singleturn|p1a: Zapdos|move: Roost\n|move|p2a: Raging Bolt|Thunderbolt|p1a: Zapdos\n|-resisted|p1a: Zapdos\n|-damage|p1a: Zapdos|136/268\n|\n|-heal|p2a: Raging Bolt|95/100|[from] item: Leftovers\n|upkeep\n|turn|16\n|inactive|Time left: 300 sec this turn | 300 sec total\n|\n|t:|1783403239\n|move|p1a: Zapdos|Roost|p1a: Zapdos\n|-heal|p1a: Zapdos|268/268\n|-singleturn|p1a: Zapdos|move: Roost\n|move|p2a: Raging Bolt|Thunderbolt|p1a: Zapdos\n|-resisted|p1a: Zapdos\n|-damage|p1a: Zapdos|142/268\n|\n|-heal|p2a: Raging Bolt|100/100|[from] item: Leftovers\n|upkeep\n|turn|17\n|inactive|Time left: 300 sec this turn | 300 sec total\n|\n|t:|1783403239\n|move|p1a: Zapdos|Roost|p1a: Zapdos\n|-heal|p1a: Zapdos|268/268\n|-singleturn|p1a: Zapdos|move: Roost\n|move|p2a: Raging Bolt|Thunderbolt|p1a: Zapdos\n|-resisted|p1a: Zapdos\n|-damage|p1a: Zapdos|144/268\n|\n|upkeep\n|turn|18\n|inactive|Time left: 300 sec this turn | 300 sec total\n|\n|t:|1783403239\n|move|p1a: Zapdos|Roost|p1a: Zapdos\n|-heal|p1a: Zapdos|268/268\n|-singleturn|p1a: Zapdos|move: Roost\n|move|p2a: Raging Bolt|Thunderbolt|p1a: Zapdos\n|-resisted|p1a: Zapdos\n|-damage|p1a: Zapdos|146/268\n|\n|upkeep\n|turn|19\n|inactive|Time left: 300 sec this turn | 300 sec total\n|\n|t:|1783403240\n|switch|p1a: Ariados|Ariados, L95, F|115/287 par\n|move|p2a: Raging Bolt|Calm Mind|p2a: Raging Bolt\n|-boost|p2a: Raging Bolt|spa|1\n|-boost|p2a: Raging Bolt|spd|1\n|\n|upkeep\n|turn|20\n|inactive|Time left: 300 sec this turn | 300 sec total\n|\n|t:|1783403240\n|move|p1a: Ariados|Sucker Punch|p2a: Raging Bolt\n|-damage|p2a: Raging Bolt|81/100\n|move|p2a: Raging Bolt|Thunderbolt|p1a: Ariados\n|-damage|p1a: Ariados|0 fnt\n|faint|p1a: Ariados\n|\n|-heal|p2a: Raging Bolt|87/100|[from] item: Leftovers\n|upkeep\n|inactive|Time left: 300 sec this turn | 300 sec total | 5 sec grace\n|\n|t:|1783403240\n|switch|p1a: Zapdos|Zapdos, L78|146/268\n|turn|21\n|inactive|Time left: 300 sec this turn | 300 sec total\n|\n|t:|1783403240\n|move|p1a: Zapdos|Hurricane|p2a: Raging Bolt\n|-resisted|p2a: Raging Bolt\n|-damage|p2a: Raging Bolt|82/100\n|-start|p2a: Raging Bolt|confusion\n|-activate|p2a: Raging Bolt|confusion\n|-damage|p2a: Raging Bolt|77/100|[from] confusion\n|\n|-heal|p2a: Raging Bolt|83/100|[from] item: Leftovers\n|upkeep\n|turn|22\n|inactive|Time left: 300 sec this turn | 300 sec total\n|\n|t:|1783403241\n|move|p1a: Zapdos|Heat Wave|p2a: Raging Bolt|[miss]\n|-miss|p1a: Zapdos|p2a: Raging Bolt\n|-activate|p2a: Raging Bolt|confusion\n|-damage|p2a: Raging Bolt|78/100|[from] confusion\n|\n|-heal|p2a: Raging Bolt|84/100|[from] item: Leftovers\n|upkeep\n|turn|23\n|inactive|Time left: 300 sec this turn | 300 sec total\n|\n|t:|1783403241\n|move|p1a: Zapdos|Heat Wave|p2a: Raging Bolt\n|-damage|p2a: Raging Bolt|78/100\n|-activate|p2a: Raging Bolt|confusion\n|-damage|p2a: Raging Bolt|73/100|[from] confusion\n|\n|-heal|p2a: Raging Bolt|79/100|[from] item: Leftovers\n|upkeep\n|turn|24\n|inactive|Time left: 300 sec this turn | 300 sec total\n|\n|t:|1783403241\n|move|p1a: Zapdos|Heat Wave|p2a: Raging Bolt\n|-damage|p2a: Raging Bolt|73/100\n|-end|p2a: Raging Bolt|confusion\n|move|p2a: Raging Bolt|Thunderbolt|p1a: Zapdos\n|-damage|p1a: Zapdos|0 fnt\n|faint|p1a: Zapdos\n|\n|-heal|p2a: Raging Bolt|79/100|[from] item: Leftovers\n|upkeep\n|inactive|Time left: 300 sec this turn | 300 sec total | 5 sec grace\n|\n|t:|1783403241\n|switch|p1a: Palkia|Palkia-Origin, L72|249/249\n|-ability|p1a: Palkia|Pressure\n|turn|25\n|inactive|Time left: 300 sec this turn | 300 sec total\n|\n|t:|1783403242\n|-terastallize|p1a: Palkia|Fire\n|move|p1a: Palkia|Draco Meteor|p2a: Raging Bolt\n|-damage|p2a: Raging Bolt|66/100\n|-unboost|p1a: Palkia|spa|2\n|move|p2a: Raging Bolt|Thunderbolt|p1a: Palkia\n|-damage|p1a: Palkia|0 fnt\n|faint|p1a: Palkia\n|\n|-heal|p2a: Raging Bolt|72/100|[from] item: Leftovers\n|upkeep\n|inactive|Time left: 300 sec this turn | 300 sec total | 5 sec grace\n|\n|t:|1783403242\n|switch|p1a: Toucannon|Toucannon, L88, M|284/284\n|turn|26\n|inactive|Time left: 300 sec this turn | 300 sec total\n|\n|t:|1783403242\n|move|p2a: Raging Bolt|Thunderbolt|p1a: Toucannon\n|-supereffective|p1a: Toucannon\n|-damage|p1a: Toucannon|0 fnt\n|faint|p1a: Toucannon\n|\n|win|p0y010e6fb", "uploadtime": 1783403242, "views": 0, "rating": 0, "private": 0, "password": null, "_winner": "p0y010e6fb", "_our_name": "p0x0104b4f"}