{"id": "battle-gen9randombattle-149", "formatid": "gen9randombattle", "format": "[Gen 9] Random Battle", "players": ["p0x0090c5a", "p0y009efc0"], "log": "|init|battle\n|title|p0x0090c5a vs. p0y009efc0\n|j|\u2606p0x0090c5a\n|j|\u2606p0y009efc0\n|t:|1783403222\n|gametype|singles\n|player|p1|p0x0090c5a|266|\n|player|p2|p0y009efc0|101|\n|gen|9\n|tier|[Gen 9] Random Battle\n|rule|Species Clause: Limit one of each Pok\u00e9mon\n|rule|HP Percentage Mod: HP is shown in percentages\n|rule|Sleep Clause Mod: Limit one foe put to sleep\n|rule|Illusion Level Mod: Illusion disguises the Pok\u00e9mon's true level\n|\n|t:|1783403222\n|teamsize|p1|6\n|teamsize|p2|6\n|start\n|switch|p1a: Ninetales|Ninetales-Alola, L78, F|242/242\n|switch|p2a: Gurdurr|Gurdurr, L85, F|100/100\n|-weather|Snowscape|[from] ability: Snow Warning|[of] p1a: Ninetales\n|turn|1\n|inactive|Battle timer is ON: inactive players will automatically lose when time's up. (requested by p0x0090c5a)\n|inactive|p0y009efc0 also wants the timer to be on.\n|\n|t:|1783403222\n|move|p1a: Ninetales|Nasty Plot|p1a: Ninetales\n|-boost|p1a: Ninetales|spa|2\n|move|p2a: Gurdurr|Drain Punch|p1a: Ninetales\n|-damage|p1a: Ninetales|166/242\n|\n|-weather|Snowscape|[upkeep]\n|upkeep\n|turn|2\n|inactive|Time left: 300 sec this turn | 300 sec total\n|\n|t:|1783403222\n|-terastallize|p2a: Gurdurr|Steel\n|move|p1a: Ninetales|Moonblast|p2a: Gurdurr\n|-resisted|p2a: Gurdurr\n|-damage|p2a: Gurdurr|74/100\n|move|p2a: Gurdurr|Drain Punch|p1a: Ninetales\n|-damage|p1a: Ninetales|94/242\n|-heal|p2a: Gurdurr|87/100|[from] drain|[of] p1a: Ninetales\n|\n|-weather|Snowscape|[upkeep]\n|upkeep\n|turn|3\n|inactive|Time left: 300 sec this turn | 300 sec total\n|\n|t:|1783403222\n|move|p1a: Ninetales|Aurora Veil|p1a: Ninetales\n|-sidestart|p1: p0x0090c5a|move: Aurora Veil\n|move|p2a: Gurdurr|Drain Punch|p1a: Ninetales\n|-damage|p1a: Ninetales|61/242\n|-heal|p2a: Gurdurr|93/100|[from] drain|[of] p1a: Ninetales\n|\n|-weather|Snowscape|[upkeep]\n|upkeep\n|turn|4\n|inactive|Time left: 300 sec this turn | 300 sec total\n|\n|t:|1783403223\n|move|p1a: Ninetales|Blizzard|p2a: Gurdurr\n|-resisted|p2a: Gurdurr\n|-damage|p2a: Gurdurr|64/100\n|move|p2a: Gurdurr|Drain Punch|p1a: Ninetales\n|-damage|p1a: Ninetales|26/242\n|-heal|p2a: Gurdurr|70/100|[from] drain|[of] p1a: Ninetales\n|\n|-weather|Snowscape|[upkeep]\n|upkeep\n|turn|5\n|inactive|Time left: 300 sec this turn | 300 sec total\n|\n|t:|1783403223\n|move|p1a: Ninetales|Moonblast|p2a: Gurdurr\n|-resisted|p2a: Gurdurr\n|-crit|p2a: Gurdurr\n|-damage|p2a: Gurdurr|28/100\n|move|p2a: Gurdurr|Drain Punch|p1a: Ninetales\n|-damage|p1a: Ninetales|0 fnt\n|-heal|p2a: Gurdurr|33/100|[from] drain|[of] p1a: Ninetales\n|faint|p1a: Ninetales\n|\n|-weather|none\n|upkeep\n|inactive|Time left: 300 sec this turn | 300 sec total | 5 sec grace\n|\n|t:|1783403223\n|switch|p1a: Revavroom|Revavroom, L79, M|256/256\n|turn|6\n|inactive|Time left: 300 sec this turn | 300 sec total\n|\n|t:|1783403223\n|move|p1a: Revavroom|Shift Gear|p1a: Revavroom\n|-boost|p1a: Revavroom|spe|2\n|-boost|p1a: Revavroom|atk|1\n|move|p2a: Gurdurr|Knock Off|p1a: Revavroom\n|-damage|p1a: Revavroom|220/256\n|-enditem|p1a: Revavroom|Life Orb|[from] move: Knock Off|[of] p2a: Gurdurr\n|\n|upkeep\n|turn|7\n|inactive|Time left: 300 sec this turn | 300 sec total\n|\n|t:|1783403224\n|move|p1a: Revavroom|High Horsepower|p2a: Gurdurr\n|-supereffective|p2a: Gurdurr\n|-damage|p2a: Gurdurr|0 fnt\n|faint|p2a: Gurdurr\n|\n|upkeep\n|\n|t:|1783403224\n|switch|p2a: Hydreigon|Hydreigon, L79, F|100/100\n|turn|8\n|inactive|Time left: 300 sec this turn | 300 sec total\n|\n|t:|1783403224\n|move|p1a: Revavroom|Gunk Shot|p2a: Hydreigon\n|-damage|p2a: Hydreigon|22/100\n|move|p2a: Hydreigon|Fire Blast|p1a: Revavroom\n|-supereffective|p1a: Revavroom\n|-damage|p1a: Revavroom|102/256\n|\n|upkeep\n|turn|9\n|inactive|Time left: 300 sec this turn | 300 sec total\n|\n|t:|1783403224\n|move|p1a: Revavroom|Gunk Shot|p2a: Hydreigon\n|-damage|p2a: Hydreigon|0 fnt\n|faint|p2a: Hydreigon\n|\n|upkeep\n|\n|t:|1783403225\n|switch|p2a: Girafarig|Girafarig, L89, F|100/100\n|turn|10\n|inactive|Time left: 300 sec this turn | 300 sec total\n|\n|t:|1783403225\n|move|p1a: Revavroom|Gunk Shot|p2a: Girafarig\n|-damage|p2a: Girafarig|39/100\n|-status|p2a: Girafarig|psn\n|move|p2a: Girafarig|Thunderbolt|p1a: Revavroom\n|-damage|p1a: Revavroom|62/256\n|\n|-damage|p2a: Girafarig|27/100 psn|[from] psn\n|-sideend|p1: p0x0090c5a|move: Aurora Veil\n|upkeep\n|turn|11\n|inactive|Time left: 300 sec this turn | 300 sec total\n|\n|t:|1783403225\n|move|p1a: Revavroom|Iron Head|p2a: Girafarig\n|-crit|p2a: Girafarig\n|-damage|p2a: Girafarig|0 fnt\n|faint|p2a: Girafarig\n|\n|upkeep\n|\n|t:|1783403225\n|switch|p2a: Gallade|Gallade, L80, M|100/100\n|turn|12\n|inactive|Time left: 300 sec this turn | 300 sec total\n|\n|t:|1783403226\n|move|p1a: Revavroom|Gunk Shot|p2a: Gallade\n|-damage|p2a: Gallade|0 fnt\n|faint|p2a: Gallade\n|\n|upkeep\n|\n|t:|1783403226\n|switch|p2a: Leavanny|Leavanny, L86, M|100/100\n|turn|13\n|inactive|Time left: 300 sec this turn | 300 sec total\n|\n|t:|1783403226\n|switch|p2a: Kleavor|Kleavor, L78, M|100/100\n|move|p1a: Revavroom|Gunk Shot|p2a: Kleavor|[miss]\n|-miss|p1a: Revavroom|p2a: Kleavor\n|\n|upkeep\n|turn|14\n|inactive|Time left: 300 sec this turn | 300 sec total\n|\n|t:|1783403226\n|switch|p2a: Leavanny|Leavanny, L86, M|100/100\n|move|p1a: Revavroom|Iron Head|p2a: Leavanny\n|-damage|p2a: Leavanny|49/100\n|\n|upkeep\n|turn|15\n|inactive|Time left: 300 sec this turn | 300 sec total\n|\n|t:|1783403227\n|move|p1a: Revavroom|Iron Head|p2a: Leavanny\n|-damage|p2a: Leavanny|0 fnt\n|faint|p2a: Leavanny\n|\n|upkeep\n|\n|t:|1783403227\n|switch|p2a: Kleavor|Kleavor, L78, M|100/100\n|turn|16\n|inactive|Time left: 300 sec this turn | 300 sec total\n|\n|t:|1783403227\n|-terastallize|p1a: Revavroom|Ground\n|move|p1a: Revavroom|Iron Head|p2a: Kleavor\n|-supereffective|p2a: Kleavor\n|-damage|p2a: Kleavor|0 fnt\n|faint|p2a: Kleavor\n|\n|win|p0x0090c5a", "uploadtime": 1783403227, "views": 0, "rating": 0, "private": 0, "password": null, "_winner": "p0x0090c5a", "_our_name": "p0x0090c5a"}