{"id": "battle-gen9randombattle-145", "formatid": "gen9randombattle", "format": "[Gen 9] Random Battle", "players": ["p0x00557fc", "p0y00521fe"], "log": "|init|battle\n|title|p0x00557fc vs. p0y00521fe\n|j|\u2606p0x00557fc\n|j|\u2606p0y00521fe\n|t:|1783403150\n|gametype|singles\n|player|p1|p0x00557fc|266|\n|player|p2|p0y00521fe|266|\n|gen|9\n|tier|[Gen 9] Random Battle\n|rule|Species Clause: Limit one of each Pok\u00e9mon\n|rule|HP Percentage Mod: HP is shown in percentages\n|rule|Sleep Clause Mod: Limit one foe put to sleep\n|rule|Illusion Level Mod: Illusion disguises the Pok\u00e9mon's true level\n|\n|t:|1783403150\n|teamsize|p1|6\n|teamsize|p2|6\n|start\n|switch|p1a: Lapras|Lapras, L87, M|100/100\n|switch|p2a: Primarina|Primarina, L83, F|268/268\n|turn|1\n|inactive|Battle timer is ON: inactive players will automatically lose when time's up. (requested by p0x00557fc)\n|inactive|Time left: 300 sec this turn | 300 sec total | 60 sec grace\n|inactive|p0y00521fe also wants the timer to be on.\n|\n|t:|1783403150\n|move|p1a: Lapras|Freeze-Dry|p2a: Primarina\n|-supereffective|p2a: Primarina\n|-damage|p2a: Primarina|82/268\n|move|p2a: Primarina|Calm Mind|p2a: Primarina\n|-boost|p2a: Primarina|spa|1\n|-boost|p2a: Primarina|spd|1\n|\n|-heal|p2a: Primarina|98/268|[from] item: Leftovers\n|upkeep\n|turn|2\n|inactive|Time left: 300 sec this turn | 300 sec total\n|\n|t:|1783403151\n|move|p1a: Lapras|Freeze-Dry|p2a: Primarina\n|-supereffective|p2a: Primarina\n|-crit|p2a: Primarina\n|-damage|p2a: Primarina|0 fnt\n|faint|p2a: Primarina\n|\n|upkeep\n|inactive|Time left: 300 sec this turn | 300 sec total | 5 sec grace\n|\n|t:|1783403151\n|switch|p2a: Spidops|Spidops, L96, F|271/271\n|turn|3\n|inactive|Time left: 300 sec this turn | 300 sec total\n|\n|t:|1783403151\n|move|p1a: Lapras|Freeze-Dry|p2a: Spidops\n|-damage|p2a: Spidops|171/271\n|move|p2a: Spidops|Sticky Web|p1a: Lapras\n|-sidestart|p1: p0x00557fc|move: Sticky Web\n|\n|upkeep\n|turn|4\n|inactive|Time left: 300 sec this turn | 300 sec total\n|\n|t:|1783403151\n|move|p1a: Lapras|Freeze-Dry|p2a: Spidops\n|-damage|p2a: Spidops|66/271\n|move|p2a: Spidops|Knock Off|p1a: Lapras\n|-damage|p1a: Lapras|77/100\n|-enditem|p1a: Lapras|Choice Specs|[from] move: Knock Off|[of] p2a: Spidops\n|\n|upkeep\n|turn|5\n|inactive|Time left: 300 sec this turn | 300 sec total\n|\n|t:|1783403152\n|switch|p2a: Swalot|Swalot, L90, F|326/326\n|move|p1a: Lapras|Ice Beam|p2a: Swalot\n|-damage|p2a: Swalot|233/326\n|\n|-heal|p2a: Swalot|253/326|[from] item: Leftovers\n|upkeep\n|turn|6\n|inactive|Time left: 300 sec this turn | 300 sec total\n|\n|t:|1783403152\n|move|p1a: Lapras|Ice Beam|p2a: Swalot\n|-damage|p2a: Swalot|163/326\n|move|p2a: Swalot|Sludge Bomb|p1a: Lapras\n|-damage|p1a: Lapras|53/100\n|-status|p1a: Lapras|psn\n|\n|-heal|p2a: Swalot|183/326|[from] item: Leftovers\n|-damage|p1a: Lapras|41/100 psn|[from] psn\n|upkeep\n|turn|7\n|inactive|Time left: 300 sec this turn | 300 sec total\n|\n|t:|1783403152\n|move|p1a: Lapras|Ice Beam|p2a: Swalot\n|-damage|p2a: Swalot|92/326\n|move|p2a: Swalot|Sludge Bomb|p1a: Lapras\n|-damage|p1a: Lapras|17/100 psn\n|\n|-heal|p2a: Swalot|112/326|[from] item: Leftovers\n|-damage|p1a: Lapras|4/100 psn|[from] psn\n|upkeep\n|turn|8\n|inactive|Time left: 300 sec this turn | 300 sec total\n|\n|t:|1783403152\n|switch|p2a: Greninja|Greninja, L80, M|246/246\n|move|p1a: Lapras|Ice Beam|p2a: Greninja\n|-resisted|p2a: Greninja\n|-damage|p2a: Greninja|192/246\n|\n|-damage|p1a: Lapras|0 fnt|[from] psn\n|faint|p1a: Lapras\n|upkeep\n|\n|t:|1783403153\n|switch|p1a: Raikou|Raikou, L81|100/100\n|-activate|p1a: Raikou|move: Sticky Web\n|-unboost|p1a: Raikou|spe|1\n|-ability|p1a: Raikou|Pressure\n|turn|9\n|inactive|Time left: 300 sec this turn | 300 sec total\n|\n|t:|1783403153\n|move|p2a: Greninja|Grass Knot|p1a: Raikou\n|-start|p2a: Greninja|typechange|Grass|[from] ability: Protean\n|-damage|p1a: Raikou|48/100\n|move|p1a: Raikou|Thunderbolt|p2a: Greninja\n|-resisted|p2a: Greninja\n|-damage|p2a: Greninja|124/246\n|\n|-heal|p1a: Raikou|54/100|[from] item: Leftovers\n|upkeep\n|turn|10\n|inactive|Time left: 300 sec this turn | 300 sec total\n|\n|t:|1783403153\n|switch|p1a: Wugtrio|Wugtrio, L91, M|100/100\n|-activate|p1a: Wugtrio|move: Sticky Web\n|-unboost|p1a: Wugtrio|spe|1\n|move|p2a: Greninja|Grass Knot|p1a: Wugtrio\n|-supereffective|p1a: Wugtrio\n|-damage|p1a: Wugtrio|69/100\n|-ability|p1a: Wugtrio|Gooey\n|-unboost|p2a: Greninja|spe|1\n|\n|upkeep\n|turn|11\n|inactive|Time left: 300 sec this turn | 300 sec total\n|\n|t:|1783403153\n|move|p1a: Wugtrio|Liquidation|p2a: Greninja\n|-resisted|p2a: Greninja\n|-damage|p2a: Greninja|25/246\n|-unboost|p2a: Greninja|def|1\n|move|p2a: Greninja|Grass Knot|p1a: Wugtrio\n|-supereffective|p1a: Wugtrio\n|-crit|p1a: Wugtrio\n|-damage|p1a: Wugtrio|23/100\n|-ability|p1a: Wugtrio|Gooey\n|-unboost|p2a: Greninja|spe|1\n|\n|upkeep\n|turn|12\n|inactive|Time left: 300 sec this turn | 300 sec total\n|\n|t:|1783403154\n|switch|p2a: Spidops|Spidops, L96, F|66/271\n|move|p1a: Wugtrio|Liquidation|p2a: Spidops\n|-damage|p2a: Spidops|0 fnt\n|faint|p2a: Spidops\n|\n|upkeep\n|inactive|Time left: 300 sec this turn | 300 sec total | 5 sec grace\n|\n|t:|1783403154\n|switch|p2a: Greninja|Greninja, L80, M|25/246\n|turn|13\n|inactive|Time left: 300 sec this turn | 300 sec total\n|\n|t:|1783403154\n|switch|p1a: Mienshao|Mienshao, L83, M|100/100\n|-activate|p1a: Mienshao|move: Sticky Web\n|-unboost|p1a: Mienshao|spe|1\n|move|p2a: Greninja|Dark Pulse|p1a: Mienshao\n|-start|p2a: Greninja|typechange|Dark|[from] ability: Protean\n|-resisted|p1a: Mienshao\n|-damage|p1a: Mienshao|78/100\n|\n|upkeep\n|turn|14\n|inactive|Time left: 300 sec this turn | 300 sec total\n|\n|t:|1783403154\n|move|p2a: Greninja|Dark Pulse|p1a: Mienshao\n|-resisted|p1a: Mienshao\n|-damage|p1a: Mienshao|55/100\n|move|p1a: Mienshao|U-turn|p2a: Greninja\n|-supereffective|p2a: Greninja\n|-damage|p2a: Greninja|0 fnt\n|faint|p2a: Greninja\n|\n|t:|1783403155\n|switch|p1a: Wugtrio|Wugtrio, L91, M|23/100|[from] U-turn\n|-activate|p1a: Wugtrio|move: Sticky Web\n|-unboost|p1a: Wugtrio|spe|1\n|\n|upkeep\n|inactive|Time left: 300 sec this turn | 300 sec total | 10 sec grace\n|\n|t:|1783403155\n|switch|p2a: Infernape|Infernape, L82, F|259/259\n|turn|15\n|inactive|Time left: 300 sec this turn | 300 sec total\n|\n|t:|1783403155\n|move|p1a: Wugtrio|Aqua Jet|p2a: Infernape\n|-supereffective|p2a: Infernape\n|-damage|p2a: Infernape|65/259\n|move|p2a: Infernape|Gunk Shot|p1a: Wugtrio\n|-damage|p1a: Wugtrio|0 fnt\n|faint|p1a: Wugtrio\n|-damage|p2a: Infernape|40/259|[from] item: Life Orb\n|\n|upkeep\n|\n|t:|1783403155\n|switch|p1a: Mienshao|Mienshao, L83, M|88/100\n|-activate|p1a: Mienshao|move: Sticky Web\n|-unboost|p1a: Mienshao|spe|1\n|turn|16\n|inactive|Time left: 300 sec this turn | 300 sec total\n|\n|t:|1783403156\n|switch|p2a: Swalot|Swalot, L90, F|112/326\n|move|p1a: Mienshao|Fake Out|p2a: Swalot\n|-damage|p2a: Swalot|75/326\n|\n|-heal|p2a: Swalot|95/326|[from] item: Leftovers\n|upkeep\n|turn|17\n|inactive|Time left: 300 sec this turn | 300 sec total\n|\n|t:|1783403156\n|move|p2a: Swalot|Encore|p1a: Mienshao\n|-start|p1a: Mienshao|Encore\n|move|p1a: Mienshao|Fake Out||[still]\n|-hint|Fake Out only works on your first turn out.\n|-fail|p1a: Mienshao\n|\n|-heal|p2a: Swalot|115/326|[from] item: Leftovers\n|upkeep\n|turn|18\n|inactive|Time left: 300 sec this turn | 300 sec total\n|\n|t:|1783403156\n|switch|p1a: Raikou|Raikou, L81|54/100\n|-activate|p1a: Raikou|move: Sticky Web\n|-unboost|p1a: Raikou|spe|1\n|-ability|p1a: Raikou|Pressure\n|move|p2a: Swalot|Knock Off|p1a: Raikou\n|-damage|p1a: Raikou|27/100\n|-enditem|p1a: Raikou|Leftovers|[from] move: Knock Off|[of] p2a: Swalot\n|\n|-heal|p2a: Swalot|135/326|[from] item: Leftovers\n|upkeep\n|turn|19\n|inactive|Time left: 300 sec this turn | 300 sec total\n|\n|t:|1783403156\n|move|p1a: Raikou|Thunderbolt|p2a: Swalot\n|-damage|p2a: Swalot|39/326\n|move|p2a: Swalot|Sludge Bomb|p1a: Raikou\n|-damage|p1a: Raikou|0 fnt\n|faint|p1a: Raikou\n|\n|-heal|p2a: Swalot|59/326|[from] item: Leftovers\n|upkeep\n|\n|t:|1783403157\n|switch|p1a: Spectrier|Spectrier, L75|100/100\n|-activate|p1a: Spectrier|move: Sticky Web\n|-unboost|p1a: Spectrier|spe|1\n|turn|20\n|inactive|Time left: 300 sec this turn | 300 sec total\n|\n|t:|1783403157\n|move|p1a: Spectrier|Shadow Ball|p2a: Swalot\n|-damage|p2a: Swalot|0 fnt\n|faint|p2a: Swalot\n|-ability|p1a: Spectrier|Grim Neigh|boost\n|-boost|p1a: Spectrier|spa|1\n|\n|upkeep\n|inactive|Time left: 300 sec this turn | 300 sec total | 5 sec grace\n|\n|t:|1783403157\n|switch|p2a: Infernape|Infernape, L82, F|40/259\n|turn|21\n|inactive|Time left: 300 sec this turn | 300 sec total\n|\n|t:|1783403157\n|switch|p1a: Mienshao|Mienshao, L83, M|100/100\n|-activate|p1a: Mienshao|move: Sticky Web\n|-unboost|p1a: Mienshao|spe|1\n|move|p2a: Infernape|Overheat|p1a: Mienshao\n|-damage|p1a: Mienshao|0 fnt\n|-unboost|p2a: Infernape|spa|2\n|faint|p1a: Mienshao\n|-damage|p2a: Infernape|15/259|[from] item: Life Orb\n|\n|upkeep\n|\n|t:|1783403158\n|switch|p1a: Spectrier|Spectrier, L75|100/100\n|-activate|p1a: Spectrier|move: Sticky Web\n|-unboost|p1a: Spectrier|spe|1\n|turn|22\n|inactive|Time left: 300 sec this turn | 300 sec total\n|\n|t:|1783403158\n|move|p2a: Infernape|Knock Off|p1a: Spectrier\n|-supereffective|p1a: Spectrier\n|-damage|p1a: Spectrier|12/100\n|-enditem|p1a: Spectrier|Leftovers|[from] move: Knock Off|[of] p2a: Infernape\n|-damage|p2a: Infernape|0 fnt|[from] item: Life Orb\n|faint|p2a: Infernape\n|move|p1a: Spectrier|Nasty Plot|p1a: Spectrier\n|-boost|p1a: Spectrier|spa|2\n|\n|upkeep\n|inactive|Time left: 300 sec this turn | 300 sec total | 5 sec grace\n|\n|t:|1783403158\n|switch|p2a: Cetitan|Cetitan, L82, F|413/413\n|turn|23\n|inactive|Time left: 300 sec this turn | 300 sec total\n|\n|t:|1783403158\n|-terastallize|p2a: Cetitan|Water\n|move|p2a: Cetitan|Liquidation|p1a: Spectrier\n|-damage|p1a: Spectrier|0 fnt\n|faint|p1a: Spectrier\n|\n|upkeep\n|\n|t:|1783403159\n|switch|p1a: Sableye|Sableye, L88, F|100/100\n|-activate|p1a: Sableye|move: Sticky Web\n|-unboost|p1a: Sableye|spe|1\n|turn|24\n|inactive|Time left: 300 sec this turn | 300 sec total\n|\n|t:|1783403159\n|move|p1a: Sableye|Thunder Wave|p2a: Cetitan\n|-status|p2a: Cetitan|par\n|cant|p2a: Cetitan|par\n|\n|upkeep\n|turn|25\n|inactive|Time left: 300 sec this turn | 300 sec total\n|\n|t:|1783403159\n|move|p1a: Sableye|Knock Off|p2a: Cetitan\n|-damage|p2a: Cetitan|304/413 par\n|-enditem|p2a: Cetitan|Life Orb|[from] move: Knock Off|[of] p1a: Sableye\n|move|p2a: Cetitan|Liquidation|p1a: Sableye\n|-damage|p1a: Sableye|39/100\n|\n|-heal|p1a: Sableye|46/100|[from] item: Leftovers\n|upkeep\n|turn|26\n|inactive|Time left: 300 sec this turn | 300 sec total\n|\n|t:|1783403159\n|move|p1a: Sableye|Recover|p1a: Sableye\n|-heal|p1a: Sableye|96/100\n|move|p2a: Cetitan|Liquidation|p1a: Sableye\n|-damage|p1a: Sableye|32/100\n|\n|-heal|p1a: Sableye|38/100|[from] item: Leftovers\n|upkeep\n|turn|27\n|inactive|Time left: 300 sec this turn | 300 sec total\n|\n|t:|1783403160\n|move|p1a: Sableye|Recover|p1a: Sableye\n|-heal|p1a: Sableye|88/100\n|cant|p2a: Cetitan|par\n|\n|-heal|p1a: Sableye|94/100|[from] item: Leftovers\n|upkeep\n|turn|28\n|inactive|Time left: 300 sec this turn | 300 sec total\n|\n|t:|1783403160\n|move|p1a: Sableye|Knock Off|p2a: Cetitan\n|-damage|p2a: Cetitan|225/413 par\n|move|p2a: Cetitan|Liquidation|p1a: Sableye\n|-damage|p1a: Sableye|36/100\n|\n|-heal|p1a: Sableye|42/100|[from] item: Leftovers\n|upkeep\n|turn|29\n|inactive|Time left: 300 sec this turn | 300 sec total\n|\n|t:|1783403160\n|move|p1a: Sableye|Recover|p1a: Sableye\n|-heal|p1a: Sableye|92/100\n|cant|p2a: Cetitan|par\n|\n|-heal|p1a: Sableye|98/100|[from] item: Leftovers\n|upkeep\n|turn|30\n|inactive|Time left: 300 sec this turn | 300 sec total\n|\n|t:|1783403160\n|-terastallize|p1a: Sableye|Steel\n|move|p1a: Sableye|Knock Off|p2a: Cetitan\n|-damage|p2a: Cetitan|149/413 par\n|cant|p2a: Cetitan|par\n|\n|-heal|p1a: Sableye|100/100|[from] item: Leftovers\n|upkeep\n|turn|31\n|inactive|Time left: 300 sec this turn | 300 sec total\n|\n|t:|1783403161\n|move|p1a: Sableye|Knock Off|p2a: Cetitan\n|-damage|p2a: Cetitan|65/413 par\n|move|p2a: Cetitan|Superpower|p1a: Sableye\n|-supereffective|p1a: Sableye\n|-damage|p1a: Sableye|11/100\n|-unboost|p2a: Cetitan|atk|1\n|-unboost|p2a: Cetitan|def|1\n|\n|-heal|p1a: Sableye|17/100|[from] item: Leftovers\n|upkeep\n|turn|32\n|inactive|Time left: 300 sec this turn | 300 sec total\n|\n|t:|1783403161\n|move|p2a: Cetitan|Ice Shard|p1a: Sableye\n|-resisted|p1a: Sableye\n|-damage|p1a: Sableye|10/100\n|move|p1a: Sableye|Knock Off|p2a: Cetitan\n|-damage|p2a: Cetitan|0 fnt\n|faint|p2a: Cetitan\n|\n|win|p0x00557fc", "uploadtime": 1783403161, "views": 0, "rating": 0, "private": 0, "password": null, "_winner": "p0x00557fc", "_our_name": "p0y00521fe"}