{"id": "battle-gen9randombattle-143", "formatid": "gen9randombattle", "format": "[Gen 9] Random Battle", "players": ["p0x0031674", "p0y0038e0c"], "log": "|init|battle\n|title|p0x0031674 vs. p0y0038e0c\n|j|\u2606p0x0031674\n|j|\u2606p0y0038e0c\n|t:|1783403123\n|gametype|singles\n|player|p1|p0x0031674|101|\n|player|p2|p0y0038e0c|102|\n|gen|9\n|tier|[Gen 9] Random Battle\n|rule|Species Clause: Limit one of each Pok\u00e9mon\n|rule|HP Percentage Mod: HP is shown in percentages\n|rule|Sleep Clause Mod: Limit one foe put to sleep\n|rule|Illusion Level Mod: Illusion disguises the Pok\u00e9mon's true level\n|\n|t:|1783403123\n|teamsize|p1|6\n|teamsize|p2|6\n|start\n|switch|p1a: Typhlosion|Typhlosion-Hisui, L83, F|257/257\n|switch|p2a: Kleavor|Kleavor, L78, M|100/100\n|turn|1\n|inactive|Battle timer is ON: inactive players will automatically lose when time's up. (requested by p0x0031674)\n|inactive|p0y0038e0c also wants the timer to be on.\n|\n|t:|1783403123\n|move|p1a: Typhlosion|Eruption|p2a: Kleavor\n|-damage|p2a: Kleavor|0 fnt\n|faint|p2a: Kleavor\n|\n|upkeep\n|\n|t:|1783403123\n|switch|p2a: Vaporeon|Vaporeon, L86, F|100/100\n|turn|2\n|inactive|Time left: 300 sec this turn | 300 sec total\n|\n|t:|1783403124\n|switch|p1a: Lumineon|Lumineon, L93, M|279/279\n|move|p2a: Vaporeon|Scald|p1a: Lumineon\n|-ability|p1a: Lumineon|Storm Drain|boost\n|-boost|p1a: Lumineon|spa|1\n|\n|upkeep\n|turn|3\n|inactive|Time left: 300 sec this turn | 300 sec total\n|\n|t:|1783403124\n|move|p1a: Lumineon|Encore|p2a: Vaporeon\n|-start|p2a: Vaporeon|Encore\n|move|p2a: Vaporeon|Scald|p1a: Lumineon\n|-ability|p1a: Lumineon|Storm Drain|boost\n|-boost|p1a: Lumineon|spa|1\n|\n|upkeep\n|turn|4\n|inactive|Time left: 300 sec this turn | 300 sec total\n|\n|t:|1783403124\n|move|p1a: Lumineon|Ice Beam|p2a: Vaporeon\n|-resisted|p2a: Vaporeon\n|-damage|p2a: Vaporeon|80/100\n|-damage|p1a: Lumineon|252/279|[from] item: Life Orb\n|move|p2a: Vaporeon|Scald|p1a: Lumineon\n|-ability|p1a: Lumineon|Storm Drain|boost\n|-boost|p1a: Lumineon|spa|1\n|\n|-heal|p2a: Vaporeon|86/100|[from] item: Leftovers\n|upkeep\n|turn|5\n|inactive|Time left: 300 sec this turn | 300 sec total\n|\n|t:|1783403124\n|switch|p2a: Dedenne|Dedenne, L88, F|100/100\n|move|p1a: Lumineon|Alluring Voice|p2a: Dedenne\n|-damage|p2a: Dedenne|21/100\n|-enditem|p2a: Dedenne|Sitrus Berry|[eat]\n|-heal|p2a: Dedenne|46/100|[from] item: Sitrus Berry\n|-heal|p2a: Dedenne|79/100|[from] ability: Cheek Pouch\n|-damage|p1a: Lumineon|225/279|[from] item: Life Orb\n|\n|upkeep\n|turn|6\n|inactive|Time left: 300 sec this turn | 300 sec total\n|\n|t:|1783403125\n|move|p2a: Dedenne|Thunderbolt|p1a: Lumineon\n|-supereffective|p1a: Lumineon\n|-damage|p1a: Lumineon|63/279\n|move|p1a: Lumineon|Ice Beam|p2a: Dedenne\n|-crit|p2a: Dedenne\n|-damage|p2a: Dedenne|0 fnt\n|faint|p2a: Dedenne\n|-damage|p1a: Lumineon|36/279|[from] item: Life Orb\n|\n|upkeep\n|\n|t:|1783403125\n|switch|p2a: Iron Boulder|Iron Boulder, L77|100/100\n|-enditem|p2a: Iron Boulder|Booster Energy\n|-activate|p2a: Iron Boulder|ability: Quark Drive|[fromitem]\n|-start|p2a: Iron Boulder|quarkdrivespe\n|turn|7\n|inactive|Time left: 300 sec this turn | 300 sec total\n|\n|t:|1783403125\n|switch|p1a: Swampert|Swampert, L83, M|302/302\n|move|p2a: Iron Boulder|Mighty Cleave|p1a: Swampert\n|-resisted|p1a: Swampert\n|-damage|p1a: Swampert|257/302\n|\n|-heal|p1a: Swampert|275/302|[from] item: Leftovers\n|upkeep\n|turn|8\n|inactive|Time left: 300 sec this turn | 300 sec total\n|\n|t:|1783403125\n|-end|p2a: Iron Boulder|Quark Drive|[silent]\n|switch|p2a: Vaporeon|Vaporeon, L86, F|86/100\n|move|p1a: Swampert|Earthquake|p2a: Vaporeon\n|-damage|p2a: Vaporeon|46/100\n|\n|-heal|p2a: Vaporeon|52/100|[from] item: Leftovers\n|-heal|p1a: Swampert|293/302|[from] item: Leftovers\n|upkeep\n|turn|9\n|inactive|Time left: 300 sec this turn | 300 sec total\n|\n|t:|1783403126\n|move|p2a: Vaporeon|Scald|p1a: Swampert\n|-damage|p1a: Swampert|200/302\n|move|p1a: Swampert|Earthquake|p2a: Vaporeon\n|-damage|p2a: Vaporeon|13/100\n|\n|-heal|p2a: Vaporeon|19/100|[from] item: Leftovers\n|-heal|p1a: Swampert|218/302|[from] item: Leftovers\n|upkeep\n|turn|10\n|inactive|Time left: 300 sec this turn | 300 sec total\n|\n|t:|1783403126\n|move|p2a: Vaporeon|Scald|p1a: Swampert\n|-damage|p1a: Swampert|127/302\n|move|p1a: Swampert|Earthquake|p2a: Vaporeon\n|-damage|p2a: Vaporeon|0 fnt\n|faint|p2a: Vaporeon\n|\n|-heal|p1a: Swampert|145/302|[from] item: Leftovers\n|upkeep\n|\n|t:|1783403126\n|switch|p2a: Landorus|Landorus, L75, M|100/100\n|turn|11\n|inactive|Time left: 300 sec this turn | 300 sec total\n|\n|t:|1783403126\n|switch|p1a: Uxie|Uxie, L83|260/260\n|move|p2a: Landorus|Earth Power|p1a: Uxie\n|-immune|p1a: Uxie|[from] ability: Levitate\n|\n|upkeep\n|turn|12\n|inactive|Time left: 300 sec this turn | 300 sec total\n|\n|t:|1783403127\n|switch|p2a: Raichu|Raichu, L88, F|100/100\n|move|p1a: Uxie|Psychic Noise|p2a: Raichu\n|-damage|p2a: Raichu|74/100\n|-start|p2a: Raichu|move: Heal Block\n|\n|upkeep\n|turn|13\n|inactive|Time left: 300 sec this turn | 300 sec total\n|\n|t:|1783403127\n|move|p2a: Raichu|Nasty Plot|p2a: Raichu\n|-boost|p2a: Raichu|spa|2\n|move|p1a: Uxie|U-turn|p2a: Raichu\n|-damage|p2a: Raichu|51/100\n|inactive|Time left: 300 sec this turn | 300 sec total | 5 sec grace\n|\n|t:|1783403127\n|switch|p1a: Dragapult|Dragapult, L77, F|262/262|[from] U-turn\n|\n|-end|p2a: Raichu|move: Heal Block\n|upkeep\n|turn|14\n|inactive|Time left: 300 sec this turn | 300 sec total\n|\n|t:|1783403128\n|move|p1a: Dragapult|Dragon Darts|p2a: Raichu\n|-damage|p2a: Raichu|24/100\n|-anim|p1a: Dragapult|Dragon Darts|p2a: Raichu\n|-damage|p2a: Raichu|0 fnt\n|faint|p2a: Raichu\n|\n|upkeep\n|\n|t:|1783403128\n|switch|p2a: Iron Boulder|Iron Boulder, L77|100/100\n|turn|15\n|inactive|Time left: 300 sec this turn | 300 sec total\n|\n|t:|1783403128\n|move|p1a: Dragapult|Will-O-Wisp|p2a: Iron Boulder\n|-status|p2a: Iron Boulder|brn\n|move|p2a: Iron Boulder|Swords Dance|p2a: Iron Boulder\n|-boost|p2a: Iron Boulder|atk|2\n|\n|-damage|p2a: Iron Boulder|94/100 brn|[from] brn\n|upkeep\n|turn|16\n|inactive|Time left: 300 sec this turn | 300 sec total\n|\n|t:|1783403128\n|-terastallize|p2a: Iron Boulder|Fighting\n|move|p1a: Dragapult|Hex|p2a: Iron Boulder\n|-damage|p2a: Iron Boulder|50/100 brn\n|move|p2a: Iron Boulder|Mighty Cleave|p1a: Dragapult\n|-damage|p1a: Dragapult|140/262\n|\n|-damage|p2a: Iron Boulder|44/100 brn|[from] brn\n|upkeep\n|turn|17\n|inactive|Time left: 300 sec this turn | 300 sec total\n|\n|t:|1783403128\n|move|p1a: Dragapult|Dragon Darts|p2a: Iron Boulder\n|-damage|p2a: Iron Boulder|21/100 brn\n|-anim|p1a: Dragapult|Dragon Darts|p2a: Iron Boulder\n|-damage|p2a: Iron Boulder|0 fnt\n|faint|p2a: Iron Boulder\n|-end|p2a: Iron Boulder|Quark Drive|[silent]\n|\n|upkeep\n|\n|t:|1783403129\n|switch|p2a: Landorus|Landorus, L75, M|100/100\n|turn|18\n|inactive|Time left: 300 sec this turn | 300 sec total\n|\n|t:|1783403129\n|-terastallize|p1a: Dragapult|Dragon\n|move|p1a: Dragapult|Dragon Darts|p2a: Landorus\n|-damage|p2a: Landorus|71/100\n|-anim|p1a: Dragapult|Dragon Darts|p2a: Landorus\n|-damage|p2a: Landorus|41/100\n|move|p2a: Landorus|Sludge Wave|p1a: Dragapult\n|-damage|p1a: Dragapult|17/262\n|\n|upkeep\n|turn|19\n|inactive|Time left: 300 sec this turn | 300 sec total\n|\n|t:|1783403129\n|move|p1a: Dragapult|Dragon Darts|p2a: Landorus\n|-damage|p2a: Landorus|11/100\n|-anim|p1a: Dragapult|Dragon Darts|p2a: Landorus\n|-damage|p2a: Landorus|0 fnt\n|faint|p2a: Landorus\n|\n|win|p0x0031674", "uploadtime": 1783403129, "views": 0, "rating": 0, "private": 0, "password": null, "_winner": "p0x0031674", "_our_name": "p0x0031674"}