{"id": "battle-gen9randombattle-144", "formatid": "gen9randombattle", "format": "[Gen 9] Random Battle", "players": ["p0x0041710", "p0y004bae1"], "log": "|init|battle\n|title|p0x0041710 vs. p0y004bae1\n|j|\u2606p0x0041710\n|j|\u2606p0y004bae1\n|t:|1783403136\n|gametype|singles\n|player|p1|p0x0041710|1|\n|player|p2|p0y004bae1|169|\n|gen|9\n|tier|[Gen 9] Random Battle\n|rule|Species Clause: Limit one of each Pok\u00e9mon\n|rule|HP Percentage Mod: HP is shown in percentages\n|rule|Sleep Clause Mod: Limit one foe put to sleep\n|rule|Illusion Level Mod: Illusion disguises the Pok\u00e9mon's true level\n|\n|t:|1783403136\n|teamsize|p1|6\n|teamsize|p2|6\n|start\n|switch|p1a: Urshifu|Urshifu, L74, M|270/270\n|switch|p2a: Sceptile|Sceptile, L87, F|100/100\n|turn|1\n|inactive|Battle timer is ON: inactive players will automatically lose when time's up. (requested by p0x0041710)\n|inactive|p0y004bae1 also wants the timer to be on.\n|\n|t:|1783403137\n|move|p2a: Sceptile|Focus Blast|p1a: Urshifu|[miss]\n|-miss|p2a: Sceptile|p1a: Urshifu\n|move|p1a: Urshifu|Swords Dance|p1a: Urshifu\n|-boost|p1a: Urshifu|atk|2\n|\n|upkeep\n|turn|2\n|inactive|Time left: 300 sec this turn | 300 sec total\n|\n|t:|1783403137\n|-terastallize|p1a: Urshifu|Poison\n|move|p2a: Sceptile|Focus Blast|p1a: Urshifu|[miss]\n|-miss|p2a: Sceptile|p1a: Urshifu\n|move|p1a: Urshifu|Wicked Blow|p2a: Sceptile\n|-crit|p2a: Sceptile\n|-damage|p2a: Sceptile|0 fnt\n|faint|p2a: Sceptile\n|-damage|p1a: Urshifu|243/270|[from] item: Life Orb\n|\n|upkeep\n|\n|t:|1783403137\n|switch|p2a: Miraidon|Miraidon, L65|100/100\n|-fieldstart|move: Electric Terrain|[from] ability: Hadron Engine|[of] p2a: Miraidon\n|turn|3\n|inactive|Time left: 300 sec this turn | 300 sec total\n|\n|t:|1783403137\n|switch|p1a: Archaludon|Archaludon, L78, M|268/268\n|move|p2a: Miraidon|Electro Drift|p1a: Archaludon\n|-resisted|p1a: Archaludon\n|-damage|p1a: Archaludon|132/268\n|-ability|p1a: Archaludon|Stamina|boost\n|-boost|p1a: Archaludon|def|1\n|-damage|p2a: Miraidon|91/100|[from] item: Life Orb\n|\n|upkeep\n|turn|4\n|inactive|Time left: 300 sec this turn | 300 sec total\n|\n|t:|1783403138\n|switch|p1a: Bronzong|Bronzong, L88|261/261\n|move|p2a: Miraidon|Dragon Pulse|p1a: Bronzong\n|-resisted|p1a: Bronzong\n|-damage|p1a: Bronzong|210/261\n|-damage|p2a: Miraidon|81/100|[from] item: Life Orb\n|\n|-heal|p1a: Bronzong|226/261|[from] item: Leftovers\n|upkeep\n|turn|5\n|inactive|Time left: 300 sec this turn | 300 sec total\n|\n|t:|1783403138\n|move|p2a: Miraidon|Calm Mind|p2a: Miraidon\n|-boost|p2a: Miraidon|spa|1\n|-boost|p2a: Miraidon|spd|1\n|move|p1a: Bronzong|Body Press|p2a: Miraidon\n|-damage|p2a: Miraidon|45/100\n|\n|-heal|p1a: Bronzong|242/261|[from] item: Leftovers\n|upkeep\n|turn|6\n|inactive|Time left: 300 sec this turn | 300 sec total\n|\n|t:|1783403138\n|-terastallize|p2a: Miraidon|Electric\n|move|p2a: Miraidon|Electro Drift|p1a: Bronzong\n|-damage|p1a: Bronzong|0 fnt\n|faint|p1a: Bronzong\n|-damage|p2a: Miraidon|35/100|[from] item: Life Orb\n|\n|upkeep\n|inactive|Time left: 300 sec this turn | 300 sec total | 5 sec grace\n|\n|t:|1783403138\n|switch|p1a: Ninetales|Ninetales, L85, F|263/263\n|-weather|SunnyDay|[from] ability: Drought|[of] p1a: Ninetales\n|turn|7\n|inactive|Time left: 300 sec this turn | 300 sec total\n|\n|t:|1783403139\n|move|p1a: Ninetales|Fire Blast|p2a: Miraidon|[miss]\n|-miss|p1a: Ninetales|p2a: Miraidon\n|move|p2a: Miraidon|Electro Drift|p1a: Ninetales\n|-damage|p1a: Ninetales|0 fnt\n|faint|p1a: Ninetales\n|-damage|p2a: Miraidon|25/100|[from] item: Life Orb\n|\n|-weather|SunnyDay|[upkeep]\n|-fieldend|move: Electric Terrain\n|upkeep\n|inactive|Time left: 300 sec this turn | 300 sec total | 5 sec grace\n|\n|t:|1783403139\n|switch|p1a: Breloom|Breloom, L83, M|235/235\n|turn|8\n|inactive|Time left: 300 sec this turn | 300 sec total\n|\n|t:|1783403139\n|move|p1a: Breloom|Mach Punch|p2a: Miraidon\n|-damage|p2a: Miraidon|0 fnt\n|faint|p2a: Miraidon\n|-damage|p1a: Breloom|212/235|[from] item: Life Orb\n|\n|-weather|SunnyDay|[upkeep]\n|upkeep\n|\n|t:|1783403139\n|switch|p2a: Decidueye|Decidueye, L88, F|100/100\n|turn|9\n|inactive|Time left: 300 sec this turn | 300 sec total\n|\n|t:|1783403140\n|switch|p1a: Urshifu|Urshifu, L74, M, tera:Poison|243/270\n|move|p2a: Decidueye|Poltergeist|p1a: Urshifu\n|-activate|p1a: Urshifu|move: Poltergeist|Life Orb\n|-damage|p1a: Urshifu|48/270\n|-damage|p2a: Decidueye|91/100|[from] item: Life Orb\n|\n|-weather|SunnyDay|[upkeep]\n|upkeep\n|turn|10\n|inactive|Time left: 300 sec this turn | 300 sec total\n|\n|t:|1783403140\n|move|p2a: Decidueye|Shadow Sneak|p1a: Urshifu\n|-damage|p1a: Urshifu|0 fnt\n|faint|p1a: Urshifu\n|-damage|p2a: Decidueye|81/100|[from] item: Life Orb\n|\n|-weather|SunnyDay|[upkeep]\n|upkeep\n|inactive|Time left: 300 sec this turn | 300 sec total | 5 sec grace\n|\n|t:|1783403140\n|switch|p1a: Pelipper|Pelipper, L86, M|243/243\n|-weather|RainDance|[from] ability: Drizzle|[of] p1a: Pelipper\n|turn|11\n|inactive|Time left: 300 sec this turn | 300 sec total\n|\n|t:|1783403140\n|switch|p2a: Lanturn|Lanturn, L89, F|100/100\n|move|p1a: Pelipper|Hurricane|p2a: Lanturn\n|-resisted|p2a: Lanturn\n|-damage|p2a: Lanturn|85/100\n|\n|-weather|RainDance|[upkeep]\n|upkeep\n|turn|12\n|inactive|Time left: 300 sec this turn | 300 sec total\n|\n|t:|1783403141\n|switch|p1a: Archaludon|Archaludon, L78, M|132/268\n|move|p2a: Lanturn|Scald|p1a: Archaludon\n|-resisted|p1a: Archaludon\n|-damage|p1a: Archaludon|56/268\n|-status|p1a: Archaludon|brn\n|-enditem|p1a: Archaludon|Lum Berry|[eat]\n|-curestatus|p1a: Archaludon|brn|[msg]\n|-ability|p1a: Archaludon|Stamina|boost\n|-boost|p1a: Archaludon|def|1\n|\n|-weather|RainDance|[upkeep]\n|upkeep\n|turn|13\n|inactive|Time left: 300 sec this turn | 300 sec total\n|\n|t:|1783403141\n|move|p1a: Archaludon|Outrage|p2a: Lanturn\n|-damage|p2a: Lanturn|41/100\n|move|p2a: Lanturn|Scald|p1a: Archaludon\n|-resisted|p1a: Archaludon\n|-damage|p1a: Archaludon|0 fnt\n|faint|p1a: Archaludon\n|\n|-weather|RainDance|[upkeep]\n|upkeep\n|inactive|Time left: 300 sec this turn | 300 sec total | 5 sec grace\n|\n|t:|1783403141\n|switch|p1a: Breloom|Breloom, L83, M|212/235\n|turn|14\n|inactive|Time left: 300 sec this turn | 300 sec total\n|\n|t:|1783403141\n|move|p2a: Lanturn|Volt Switch|p1a: Breloom\n|-resisted|p1a: Breloom\n|-damage|p1a: Breloom|166/235\n|\n|t:|1783403142\n|switch|p2a: Decidueye|Decidueye, L88, F|81/100|[from] Volt Switch\n|move|p1a: Breloom|Bullet Seed|p2a: Decidueye\n|-resisted|p2a: Decidueye\n|-damage|p2a: Decidueye|68/100\n|-resisted|p2a: Decidueye\n|-damage|p2a: Decidueye|57/100\n|-resisted|p2a: Decidueye\n|-damage|p2a: Decidueye|44/100\n|-hitcount|p2a: Decidueye|3\n|-damage|p1a: Breloom|143/235|[from] item: Life Orb\n|\n|-weather|RainDance|[upkeep]\n|upkeep\n|turn|15\n|inactive|Time left: 300 sec this turn | 300 sec total\n|\n|t:|1783403142\n|move|p2a: Decidueye|Poltergeist|p1a: Breloom\n|-activate|p1a: Breloom|move: Poltergeist|Life Orb\n|-damage|p1a: Breloom|0 fnt\n|faint|p1a: Breloom\n|-damage|p2a: Decidueye|34/100|[from] item: Life Orb\n|\n|-weather|none\n|upkeep\n|inactive|Time left: 300 sec this turn | 300 sec total | 5 sec grace\n|\n|t:|1783403142\n|switch|p1a: Pelipper|Pelipper, L86, M|243/243\n|-weather|RainDance|[from] ability: Drizzle|[of] p1a: Pelipper\n|turn|16\n|inactive|Time left: 300 sec this turn | 300 sec total\n|\n|t:|1783403142\n|move|p2a: Decidueye|Leaf Blade|p1a: Pelipper\n|-damage|p1a: Pelipper|110/243\n|-damage|p2a: Decidueye|24/100|[from] item: Life Orb\n|move|p1a: Pelipper|Hurricane|p2a: Decidueye\n|-supereffective|p2a: Decidueye\n|-damage|p2a: Decidueye|0 fnt\n|faint|p2a: Decidueye\n|\n|-weather|RainDance|[upkeep]\n|upkeep\n|\n|t:|1783403143\n|switch|p2a: Lanturn|Lanturn, L89, F|41/100\n|turn|17\n|inactive|Time left: 300 sec this turn | 300 sec total\n|\n|t:|1783403143\n|move|p2a: Lanturn|Thunderbolt|p1a: Pelipper\n|-supereffective|p1a: Pelipper\n|-damage|p1a: Pelipper|0 fnt\n|faint|p1a: Pelipper\n|\n|win|p0y004bae1", "uploadtime": 1783403143, "views": 0, "rating": 0, "private": 0, "password": null, "_winner": "p0y004bae1", "_our_name": "p0x0041710"}