{"id": "battle-gen9randombattle-142", "formatid": "gen9randombattle", "format": "[Gen 9] Random Battle", "players": ["p0x0029025", "p0y0022bca"], "log": "|init|battle\n|title|p0x0029025 vs. p0y0022bca\n|j|\u2606p0x0029025\n|j|\u2606p0y0022bca\n|t:|1783403109\n|gametype|singles\n|player|p1|p0x0029025|102|\n|player|p2|p0y0022bca|169|\n|gen|9\n|tier|[Gen 9] Random Battle\n|rule|Species Clause: Limit one of each Pok\u00e9mon\n|rule|HP Percentage Mod: HP is shown in percentages\n|rule|Sleep Clause Mod: Limit one foe put to sleep\n|rule|Illusion Level Mod: Illusion disguises the Pok\u00e9mon's true level\n|\n|t:|1783403109\n|teamsize|p1|6\n|teamsize|p2|6\n|start\n|switch|p1a: Flygon|Flygon, L82, F|265/265\n|switch|p2a: Virizion|Virizion, L82|100/100\n|turn|1\n|inactive|Battle timer is ON: inactive players will automatically lose when time's up. (requested by p0x0029025)\n|inactive|p0y0022bca also wants the timer to be on.\n|\n|t:|1783403109\n|move|p2a: Virizion|Swords Dance|p2a: Virizion\n|-boost|p2a: Virizion|atk|2\n|move|p1a: Flygon|Outrage|p2a: Virizion\n|-damage|p2a: Virizion|17/100\n|\n|upkeep\n|turn|2\n|inactive|Time left: 300 sec this turn | 300 sec total\n|\n|t:|1783403110\n|move|p2a: Virizion|Close Combat|p1a: Flygon\n|-damage|p1a: Flygon|0 fnt\n|-unboost|p2a: Virizion|def|1\n|-unboost|p2a: Virizion|spd|1\n|faint|p1a: Flygon\n|-damage|p2a: Virizion|7/100|[from] item: Life Orb\n|\n|upkeep\n|inactive|Time left: 300 sec this turn | 300 sec total | 5 sec grace\n|\n|t:|1783403110\n|switch|p1a: Araquanid|Araquanid, L82, M|246/246\n|turn|3\n|inactive|Time left: 300 sec this turn | 300 sec total\n|\n|t:|1783403110\n|move|p2a: Virizion|Stone Edge|p1a: Araquanid\n|-supereffective|p1a: Araquanid\n|-damage|p1a: Araquanid|0 fnt\n|faint|p1a: Araquanid\n|-damage|p2a: Virizion|0 fnt|[from] item: Life Orb\n|faint|p2a: Virizion\n|\n|upkeep\n|inactive|Time left: 300 sec this turn | 300 sec total | 5 sec grace\n|\n|t:|1783403110\n|switch|p2a: Alcremie|Alcremie-Rainbow-Swirl, L90, F|100/100\n|switch|p1a: Scovillain|Scovillain, L91, M|266/266\n|turn|4\n|inactive|Time left: 300 sec this turn | 300 sec total\n|\n|t:|1783403111\n|move|p1a: Scovillain|Flamethrower|p2a: Alcremie\n|-damage|p2a: Alcremie|49/100\n|move|p2a: Alcremie|Calm Mind|p2a: Alcremie\n|-boost|p2a: Alcremie|spa|1\n|-boost|p2a: Alcremie|spd|1\n|\n|-heal|p2a: Alcremie|55/100|[from] item: Leftovers\n|upkeep\n|turn|5\n|inactive|Time left: 300 sec this turn | 300 sec total\n|\n|t:|1783403111\n|move|p1a: Scovillain|Flamethrower|p2a: Alcremie\n|-damage|p2a: Alcremie|19/100\n|move|p2a: Alcremie|Recover|p2a: Alcremie\n|-heal|p2a: Alcremie|69/100\n|\n|-heal|p2a: Alcremie|75/100|[from] item: Leftovers\n|upkeep\n|turn|6\n|inactive|Time left: 300 sec this turn | 300 sec total\n|\n|t:|1783403111\n|move|p1a: Scovillain|Flamethrower|p2a: Alcremie\n|-damage|p2a: Alcremie|42/100\n|move|p2a: Alcremie|Calm Mind|p2a: Alcremie\n|-boost|p2a: Alcremie|spa|1\n|-boost|p2a: Alcremie|spd|1\n|\n|-heal|p2a: Alcremie|48/100|[from] item: Leftovers\n|upkeep\n|turn|7\n|inactive|Time left: 300 sec this turn | 300 sec total\n|\n|t:|1783403111\n|switch|p1a: Zamazenta|Zamazenta-Crowned, L68|238/238\n|-ability|p1a: Zamazenta|Dauntless Shield|boost\n|-boost|p1a: Zamazenta|def|1\n|move|p2a: Alcremie|Psyshock|p1a: Zamazenta\n|-damage|p1a: Zamazenta|157/238\n|\n|-heal|p2a: Alcremie|54/100|[from] item: Leftovers\n|upkeep\n|turn|8\n|inactive|Time left: 300 sec this turn | 300 sec total\n|\n|t:|1783403112\n|-terastallize|p2a: Alcremie|Steel\n|move|p1a: Zamazenta|Heavy Slam|p2a: Alcremie\n|-resisted|p2a: Alcremie\n|-damage|p2a: Alcremie|32/100\n|move|p2a: Alcremie|Alluring Voice|p1a: Zamazenta\n|-damage|p1a: Zamazenta|0 fnt\n|faint|p1a: Zamazenta\n|\n|-heal|p2a: Alcremie|38/100|[from] item: Leftovers\n|upkeep\n|inactive|Time left: 300 sec this turn | 300 sec total | 5 sec grace\n|\n|t:|1783403112\n|switch|p1a: Scovillain|Scovillain, L91, M|266/266\n|turn|9\n|inactive|Time left: 300 sec this turn | 300 sec total\n|\n|t:|1783403112\n|move|p1a: Scovillain|Flamethrower|p2a: Alcremie\n|-supereffective|p2a: Alcremie\n|-damage|p2a: Alcremie|0 fnt\n|faint|p2a: Alcremie\n|\n|upkeep\n|\n|t:|1783403112\n|switch|p2a: Scrafty|Scrafty, L83, F|100/100\n|-ability|p2a: Scrafty|Intimidate|boost\n|-unboost|p1a: Scovillain|atk|1\n|turn|10\n|inactive|Time left: 300 sec this turn | 300 sec total\n|\n|t:|1783403113\n|move|p1a: Scovillain|Flamethrower|p2a: Scrafty\n|-damage|p2a: Scrafty|39/100\n|move|p2a: Scrafty|Dragon Dance|p2a: Scrafty\n|-boost|p2a: Scrafty|atk|1\n|-boost|p2a: Scrafty|spe|1\n|\n|-heal|p2a: Scrafty|45/100|[from] item: Leftovers\n|upkeep\n|turn|11\n|inactive|Time left: 300 sec this turn | 300 sec total\n|\n|t:|1783403113\n|move|p2a: Scrafty|Drain Punch|p1a: Scovillain\n|-damage|p1a: Scovillain|128/266\n|-heal|p2a: Scrafty|73/100|[from] drain|[of] p1a: Scovillain\n|move|p1a: Scovillain|Flamethrower|p2a: Scrafty\n|-damage|p2a: Scrafty|11/100\n|\n|-heal|p2a: Scrafty|17/100|[from] item: Leftovers\n|upkeep\n|turn|12\n|inactive|Time left: 300 sec this turn | 300 sec total\n|\n|t:|1783403113\n|switch|p1a: Leafeon|Leafeon, L88, M|258/258\n|move|p2a: Scrafty|Knock Off|p1a: Leafeon\n|-damage|p1a: Leafeon|153/258\n|-enditem|p1a: Leafeon|Leftovers|[from] move: Knock Off|[of] p2a: Scrafty\n|\n|-heal|p2a: Scrafty|23/100|[from] item: Leftovers\n|upkeep\n|turn|13\n|inactive|Time left: 300 sec this turn | 300 sec total\n|\n|t:|1783403113\n|switch|p2a: Vigoroth|Vigoroth, L85, F|100/100\n|move|p1a: Leafeon|Leaf Blade|p2a: Vigoroth\n|-crit|p2a: Vigoroth\n|-damage|p2a: Vigoroth|54/100\n|\n|upkeep\n|turn|14\n|inactive|Time left: 300 sec this turn | 300 sec total\n|\n|t:|1783403114\n|move|p1a: Leafeon|Swords Dance|p1a: Leafeon\n|-boost|p1a: Leafeon|atk|2\n|move|p2a: Vigoroth|Slack Off|p2a: Vigoroth\n|-heal|p2a: Vigoroth|100/100\n|\n|upkeep\n|turn|15\n|inactive|Time left: 300 sec this turn | 300 sec total\n|\n|t:|1783403114\n|switch|p2a: Scrafty|Scrafty, L83, F|23/100\n|-ability|p2a: Scrafty|Intimidate|boost\n|-unboost|p1a: Leafeon|atk|1\n|move|p1a: Leafeon|Leaf Blade|p2a: Scrafty\n|-damage|p2a: Scrafty|0 fnt\n|faint|p2a: Scrafty\n|\n|upkeep\n|\n|t:|1783403114\n|switch|p2a: Vigoroth|Vigoroth, L85, F|100/100\n|turn|16\n|inactive|Time left: 300 sec this turn | 300 sec total\n|\n|t:|1783403114\n|move|p1a: Leafeon|Swords Dance|p1a: Leafeon\n|-boost|p1a: Leafeon|atk|2\n|move|p2a: Vigoroth|Bulk Up|p2a: Vigoroth\n|-boost|p2a: Vigoroth|atk|1\n|-boost|p2a: Vigoroth|def|1\n|\n|upkeep\n|turn|17\n|inactive|Time left: 300 sec this turn | 300 sec total\n|\n|t:|1783403115\n|-terastallize|p1a: Leafeon|Dark\n|move|p1a: Leafeon|Knock Off|p2a: Vigoroth\n|-damage|p2a: Vigoroth|44/100\n|-enditem|p2a: Vigoroth|Eviolite|[from] move: Knock Off|[of] p1a: Leafeon\n|move|p2a: Vigoroth|Body Slam|p1a: Leafeon\n|-damage|p1a: Leafeon|75/258\n|\n|upkeep\n|turn|18\n|inactive|Time left: 300 sec this turn | 300 sec total\n|\n|t:|1783403115\n|move|p1a: Leafeon|Leaf Blade|p2a: Vigoroth\n|-damage|p2a: Vigoroth|0 fnt\n|faint|p2a: Vigoroth\n|\n|upkeep\n|\n|t:|1783403115\n|switch|p2a: Piloswine|Piloswine, L85, M|100/100\n|turn|19\n|inactive|Time left: 300 sec this turn | 300 sec total\n|\n|t:|1783403115\n|move|p1a: Leafeon|Leaf Blade|p2a: Piloswine\n|-supereffective|p2a: Piloswine\n|-damage|p2a: Piloswine|0 fnt\n|faint|p2a: Piloswine\n|\n|upkeep\n|\n|t:|1783403115\n|switch|p2a: Feraligatr|Feraligatr, L79, F|100/100\n|turn|20\n|inactive|Time left: 300 sec this turn | 300 sec total\n|\n|t:|1783403116\n|move|p1a: Leafeon|Knock Off|p2a: Feraligatr\n|-damage|p2a: Feraligatr|0 fnt\n|-enditem|p2a: Feraligatr|Life Orb|[from] move: Knock Off|[of] p1a: Leafeon\n|faint|p2a: Feraligatr\n|\n|win|p0x0029025", "uploadtime": 1783403116, "views": 0, "rating": 0, "private": 0, "password": null, "_winner": "p0x0029025", "_our_name": "p0x0029025"}