{"id": "battle-gen9randombattle-317", "formatid": "gen9randombattle", "format": "[Gen 9] Random Battle", "players": ["p0x0054b38", "p0y0055569"], "log": "|init|battle\n|title|p0x0054b38 vs. p0y0055569\n|j|\u2606p0x0054b38\n|j|\u2606p0y0055569\n|t:|1783394290\n|gametype|singles\n|player|p1|p0x0054b38|266|\n|player|p2|p0y0055569|2|\n|gen|9\n|tier|[Gen 9] Random Battle\n|rule|Species Clause: Limit one of each Pok\u00e9mon\n|rule|HP Percentage Mod: HP is shown in percentages\n|rule|Sleep Clause Mod: Limit one foe put to sleep\n|rule|Illusion Level Mod: Illusion disguises the Pok\u00e9mon's true level\n|\n|t:|1783394290\n|teamsize|p1|6\n|teamsize|p2|6\n|start\n|switch|p1a: Honchkrow|Honchkrow, L86, F|100/100\n|switch|p2a: Staraptor|Staraptor, L79, F|263/263\n|turn|1\n|inactive|Battle timer is ON: inactive players will automatically lose when time's up. (requested by p0y0055569)\n|inactive|p0x0054b38 also wants the timer to be on.\n|\n|t:|1783394290\n|switch|p2a: Porygon2|Porygon2, L81|270/270\n|-ability|p2a: Porygon2|Download|boost\n|-boost|p2a: Porygon2|spa|1\n|switch|p1a: Stonjourner|Stonjourner, L91, F|100/100\n|\n|upkeep\n|turn|2\n|inactive|Time left: 300 sec this turn | 300 sec total\n|\n|t:|1783394290\n|switch|p1a: Oranguru|Oranguru, L92, M|100/100\n|move|p2a: Porygon2|Tera Blast|p1a: Oranguru\n|-damage|p1a: Oranguru|70/100\n|\n|upkeep\n|turn|3\n|inactive|Time left: 300 sec this turn | 300 sec total\n|\n|t:|1783394291\n|move|p1a: Oranguru|Hyper Voice|p2a: Porygon2\n|-crit|p2a: Porygon2\n|-damage|p2a: Porygon2|105/270\n|move|p2a: Porygon2|Tera Blast|p1a: Oranguru\n|-damage|p1a: Oranguru|40/100\n|\n|upkeep\n|turn|4\n|inactive|Time left: 300 sec this turn | 300 sec total\n|\n|t:|1783394291\n|move|p1a: Oranguru|Hyper Voice|p2a: Porygon2\n|-damage|p2a: Porygon2|0 fnt\n|faint|p2a: Porygon2\n|\n|upkeep\n|inactive|Time left: 300 sec this turn | 300 sec total | 5 sec grace\n|\n|t:|1783394291\n|switch|p2a: Darkrai|Darkrai, L77|234/234\n|turn|5\n|inactive|Time left: 300 sec this turn | 300 sec total\n|\n|t:|1783394291\n|-terastallize|p1a: Oranguru|Normal\n|move|p2a: Darkrai|Dark Pulse|p1a: Oranguru\n|-damage|p1a: Oranguru|12/100\n|-damage|p2a: Darkrai|211/234|[from] item: Life Orb\n|move|p1a: Oranguru|Hyper Voice|p2a: Darkrai\n|-damage|p2a: Darkrai|0 fnt\n|faint|p2a: Darkrai\n|\n|upkeep\n|inactive|Time left: 300 sec this turn | 300 sec total | 5 sec grace\n|\n|t:|1783394292\n|switch|p2a: Volbeat|Volbeat, L90, M|263/263\n|turn|6\n|inactive|Time left: 300 sec this turn | 300 sec total\n|\n|t:|1783394292\n|switch|p1a: Ceruledge|Ceruledge, L78, F|100/100\n|move|p2a: Volbeat|U-turn|p1a: Ceruledge\n|-resisted|p1a: Ceruledge\n|-damage|p1a: Ceruledge|92/100\n|-ability|p1a: Ceruledge|Weak Armor|boost\n|-unboost|p1a: Ceruledge|def|1\n|-boost|p1a: Ceruledge|spe|2\n|inactive|Time left: 300 sec this turn | 300 sec total | 5 sec grace\n|\n|t:|1783394292\n|switch|p2a: Decidueye|Decidueye-Hisui, L87, M|295/295|[from] U-turn\n|\n|upkeep\n|turn|7\n|inactive|Time left: 300 sec this turn | 300 sec total\n|\n|t:|1783394292\n|-terastallize|p2a: Decidueye|Water\n|move|p1a: Ceruledge|Swords Dance|p1a: Ceruledge\n|-boost|p1a: Ceruledge|atk|2\n|move|p2a: Decidueye|Triple Arrows|p1a: Ceruledge\n|-damage|p1a: Ceruledge|17/100\n|-unboost|p1a: Ceruledge|def|1\n|-ability|p1a: Ceruledge|Weak Armor|boost\n|-unboost|p1a: Ceruledge|def|1\n|-boost|p1a: Ceruledge|spe|2\n|\n|upkeep\n|turn|8\n|inactive|Time left: 300 sec this turn | 300 sec total\n|\n|t:|1783394293\n|move|p1a: Ceruledge|Poltergeist|p2a: Decidueye|[miss]\n|-miss|p1a: Ceruledge|p2a: Decidueye\n|move|p2a: Decidueye|Leaf Blade|p1a: Ceruledge\n|-resisted|p1a: Ceruledge\n|-crit|p1a: Ceruledge\n|-damage|p1a: Ceruledge|0 fnt\n|faint|p1a: Ceruledge\n|\n|upkeep\n|\n|t:|1783394293\n|switch|p1a: Oranguru|Oranguru, L92, M, tera:Normal|12/100\n|turn|9\n|inactive|Time left: 300 sec this turn | 300 sec total\n|\n|t:|1783394293\n|move|p1a: Oranguru|Hyper Voice|p2a: Decidueye\n|-damage|p2a: Decidueye|103/295\n|move|p2a: Decidueye|Roost|p2a: Decidueye\n|-heal|p2a: Decidueye|251/295\n|\n|-heal|p2a: Decidueye|269/295|[from] item: Leftovers\n|upkeep\n|turn|10\n|inactive|Time left: 300 sec this turn | 300 sec total\n|\n|t:|1783394293\n|switch|p1a: Dragalge|Dragalge, L88, M|100/100\n|move|p2a: Decidueye|Roost|p2a: Decidueye\n|-heal|p2a: Decidueye|295/295\n|\n|upkeep\n|turn|11\n|inactive|Time left: 300 sec this turn | 300 sec total\n|\n|t:|1783394294\n|move|p2a: Decidueye|Triple Arrows|p1a: Dragalge\n|-resisted|p1a: Dragalge\n|-damage|p1a: Dragalge|80/100\n|-unboost|p1a: Dragalge|def|1\n|move|p1a: Dragalge|Sludge Wave|p2a: Decidueye\n|-damage|p2a: Decidueye|157/295\n|-status|p2a: Decidueye|psn\n|\n|-heal|p2a: Decidueye|175/295 psn|[from] item: Leftovers\n|-damage|p2a: Decidueye|139/295 psn|[from] psn\n|upkeep\n|turn|12\n|inactive|Time left: 300 sec this turn | 300 sec total\n|\n|t:|1783394294\n|move|p2a: Decidueye|Roost|p2a: Decidueye\n|-heal|p2a: Decidueye|287/295 psn\n|move|p1a: Dragalge|Sludge Wave|p2a: Decidueye\n|-damage|p2a: Decidueye|159/295 psn\n|\n|-heal|p2a: Decidueye|177/295 psn|[from] item: Leftovers\n|-damage|p2a: Decidueye|141/295 psn|[from] psn\n|upkeep\n|turn|13\n|inactive|Time left: 300 sec this turn | 300 sec total\n|\n|t:|1783394294\n|move|p2a: Decidueye|Roost|p2a: Decidueye\n|-heal|p2a: Decidueye|289/295 psn\n|move|p1a: Dragalge|Sludge Wave|p2a: Decidueye\n|-damage|p2a: Decidueye|145/295 psn\n|\n|-heal|p2a: Decidueye|163/295 psn|[from] item: Leftovers\n|-damage|p2a: Decidueye|127/295 psn|[from] psn\n|upkeep\n|turn|14\n|inactive|Time left: 300 sec this turn | 300 sec total\n|\n|t:|1783394294\n|move|p2a: Decidueye|Roost|p2a: Decidueye\n|-heal|p2a: Decidueye|275/295 psn\n|move|p1a: Dragalge|Sludge Wave|p2a: Decidueye\n|-damage|p2a: Decidueye|151/295 psn\n|\n|-heal|p2a: Decidueye|169/295 psn|[from] item: Leftovers\n|-damage|p2a: Decidueye|133/295 psn|[from] psn\n|upkeep\n|turn|15\n|inactive|Time left: 300 sec this turn | 300 sec total\n|\n|t:|1783394295\n|move|p2a: Decidueye|Triple Arrows|p1a: Dragalge\n|-resisted|p1a: Dragalge\n|-crit|p1a: Dragalge\n|-damage|p1a: Dragalge|30/100\n|cant|p1a: Dragalge|flinch\n|\n|-heal|p2a: Decidueye|151/295 psn|[from] item: Leftovers\n|-damage|p2a: Decidueye|115/295 psn|[from] psn\n|upkeep\n|turn|16\n|inactive|Time left: 300 sec this turn | 300 sec total\n|\n|t:|1783394295\n|move|p2a: Decidueye|Triple Arrows|p1a: Dragalge\n|-resisted|p1a: Dragalge\n|-damage|p1a: Dragalge|2/100\n|move|p1a: Dragalge|Draco Meteor|p2a: Decidueye\n|-damage|p2a: Decidueye|0 fnt\n|-unboost|p1a: Dragalge|spa|2\n|faint|p2a: Decidueye\n|\n|upkeep\n|inactive|Time left: 300 sec this turn | 300 sec total | 5 sec grace\n|\n|t:|1783394295\n|switch|p2a: Amoonguss|Amoonguss, L82, M|321/321\n|turn|17\n|inactive|Time left: 300 sec this turn | 300 sec total\n|\n|t:|1783394295\n|move|p1a: Dragalge|Draco Meteor|p2a: Amoonguss\n|-damage|p2a: Amoonguss|209/321\n|-unboost|p1a: Dragalge|spa|2\n|move|p2a: Amoonguss|Spore|p1a: Dragalge\n|-status|p1a: Dragalge|slp|[from] move: Spore\n|\n|-heal|p2a: Amoonguss|229/321|[from] item: Leftovers\n|upkeep\n|turn|18\n|inactive|Time left: 300 sec this turn | 300 sec total\n|\n|t:|1783394296\n|switch|p1a: Honchkrow|Honchkrow, L86, F|100/100\n|move|p2a: Amoonguss|Sludge Bomb|p1a: Honchkrow\n|-damage|p1a: Honchkrow|64/100\n|\n|-heal|p2a: Amoonguss|249/321|[from] item: Leftovers\n|upkeep\n|turn|19\n|inactive|Time left: 300 sec this turn | 300 sec total\n|\n|t:|1783394296\n|switch|p2a: Staraptor|Staraptor, L79, F|263/263\n|move|p1a: Honchkrow|Brave Bird|p2a: Staraptor\n|-damage|p2a: Staraptor|41/263\n|-damage|p1a: Honchkrow|40/100|[from] Recoil\n|\n|upkeep\n|turn|20\n|inactive|Time left: 300 sec this turn | 300 sec total\n|\n|t:|1783394296\n|switch|p2a: Volbeat|Volbeat, L90, M|263/263\n|move|p1a: Honchkrow|Sucker Punch||[still]\n|-fail|p1a: Honchkrow\n|\n|upkeep\n|turn|21\n|inactive|Time left: 300 sec this turn | 300 sec total\n|\n|t:|1783394296\n|move|p2a: Volbeat|U-turn|p1a: Honchkrow\n|-damage|p1a: Honchkrow|7/100\n|inactive|Time left: 300 sec this turn | 300 sec total | 5 sec grace\n|\n|t:|1783394297\n|switch|p2a: Staraptor|Staraptor, L79, F|41/263|[from] U-turn\n|move|p1a: Honchkrow|Brave Bird|p2a: Staraptor\n|-damage|p2a: Staraptor|0 fnt\n|faint|p2a: Staraptor\n|-ability|p1a: Honchkrow|Moxie|boost\n|-boost|p1a: Honchkrow|atk|1\n|-damage|p1a: Honchkrow|2/100|[from] Recoil\n|\n|upkeep\n|inactive|Time left: 300 sec this turn | 300 sec total | 10 sec grace\n|\n|t:|1783394297\n|switch|p2a: Volbeat|Volbeat, L90, M|263/263\n|turn|22\n|inactive|Time left: 300 sec this turn | 300 sec total\n|\n|t:|1783394297\n|move|p2a: Volbeat|U-turn|p1a: Honchkrow\n|-damage|p1a: Honchkrow|0 fnt\n|faint|p1a: Honchkrow\n|inactive|Time left: 300 sec this turn | 300 sec total | 5 sec grace\n|\n|t:|1783394297\n|switch|p2a: Amoonguss|Amoonguss, L82, M|321/321|[from] U-turn\n|\n|upkeep\n|\n|t:|1783394297\n|switch|p1a: Stonjourner|Stonjourner, L91, F|100/100\n|turn|23\n|inactive|Time left: 300 sec this turn | 300 sec total\n|\n|t:|1783394298\n|move|p1a: Stonjourner|Heat Crash|p2a: Amoonguss\n|-supereffective|p2a: Amoonguss\n|-damage|p2a: Amoonguss|0 fnt\n|faint|p2a: Amoonguss\n|-damage|p1a: Stonjourner|90/100|[from] item: Life Orb\n|\n|upkeep\n|inactive|Time left: 300 sec this turn | 300 sec total | 5 sec grace\n|\n|t:|1783394298\n|switch|p2a: Volbeat|Volbeat, L90, M|263/263\n|turn|24\, "uploadtime": 1783394298, "views": 0, "rating": 0, "private": 0, "password": null, "_winner": "p0x0054b38", "_our_name": "p0x0054b38"}1a: Stonjourner|par\n|move|p1a: Stonjourner|Heat Crash|p2a: Volbeat\n|-supereffective|p2a: Volbeat\n|-damage|p2a: Volbeat|0 fnt\n|faint|p2a: Volbeat\n|-damage|p1a: Stonjourner|80/100 par|[from] item: Life Orb\n|\n|win|p0x0054b38", "uploadtime": 1783394298, "views": 0, "rating": 0, "private": 0, "password": null, "_winner": "p0x0054b38", "_our_name": "p0y0055569"}