{"id": "battle-gen9randombattle-320", "formatid": "gen9randombattle", "format": "[Gen 9] Random Battle", "players": ["p0x008db10", "p0y0084629"], "log": "|init|battle\n|title|p0x008db10 vs. p0y0084629\n|j|\u2606p0x008db10\n|j|\u2606p0y0084629\n|t:|1783394337\n|gametype|singles\n|player|p1|p0x008db10|169|\n|player|p2|p0y0084629|102|\n|gen|9\n|tier|[Gen 9] Random Battle\n|rule|Species Clause: Limit one of each Pok\u00e9mon\n|rule|HP Percentage Mod: HP is shown in percentages\n|rule|Sleep Clause Mod: Limit one foe put to sleep\n|rule|Illusion Level Mod: Illusion disguises the Pok\u00e9mon's true level\n|\n|t:|1783394337\n|teamsize|p1|6\n|teamsize|p2|6\n|start\n|switch|p1a: Flareon|Flareon, L90, F|100/100\n|switch|p2a: Raichu|Raichu, L88, M|249/249\n|turn|1\n|inactive|Battle timer is ON: inactive players will automatically lose when time's up. (requested by p0x008db10)\n|inactive|Time left: 300 sec this turn | 300 sec total | 60 sec grace\n|inactive|p0y0084629 also wants the timer to be on.\n|\n|t:|1783394337\n|switch|p2a: Suicune|Suicune, L82|298/298\n|-ability|p2a: Suicune|Pressure\n|move|p1a: Flareon|Trailblaze|p2a: Suicune\n|-supereffective|p2a: Suicune\n|-damage|p2a: Suicune|216/298\n|-boost|p1a: Flareon|spe|1\n|\n|-heal|p2a: Suicune|234/298|[from] item: Leftovers\n|-status|p1a: Flareon|tox|[from] item: Toxic Orb\n|upkeep\n|turn|2\n|inactive|Time left: 300 sec this turn | 300 sec total\n|\n|t:|1783394337\n|-terastallize|p1a: Flareon|Normal\n|move|p2a: Suicune|Protect|p2a: Suicune\n|-singleturn|p2a: Suicune|Protect\n|move|p1a: Flareon|Facade|p2a: Suicune\n|-activate|p2a: Suicune|move: Protect\n|\n|-heal|p2a: Suicune|252/298|[from] item: Leftovers\n|-damage|p1a: Flareon|94/100 tox|[from] psn\n|upkeep\n|turn|3\n|inactive|Time left: 300 sec this turn | 300 sec total\n|\n|t:|1783394338\n|-terastallize|p2a: Suicune|Steel\n|move|p1a: Flareon|Facade|p2a: Suicune\n|-resisted|p2a: Suicune\n|-damage|p2a: Suicune|123/298\n|move|p2a: Suicune|Scald|p1a: Flareon\n|-damage|p1a: Flareon|70/100 tox\n|\n|-heal|p2a: Suicune|141/298|[from] item: Leftovers\n|-damage|p1a: Flareon|58/100 tox|[from] psn\n|upkeep\n|turn|4\n|inactive|Time left: 300 sec this turn | 300 sec total\n|\n|t:|1783394338\n|switch|p1a: Lapras|Lapras, L87, M|100/100\n|move|p2a: Suicune|Protect||[still]\n|-fail|p2a: Suicune\n|\n|-heal|p2a: Suicune|159/298|[from] item: Leftovers\n|upkeep\n|turn|5\n|inactive|Time left: 300 sec this turn | 300 sec total\n|\n|t:|1783394338\n|move|p2a: Suicune|Calm Mind|p2a: Suicune\n|-boost|p2a: Suicune|spa|1\n|-boost|p2a: Suicune|spd|1\n|move|p1a: Lapras|Dragon Dance|p1a: Lapras\n|-boost|p1a: Lapras|atk|1\n|-boost|p1a: Lapras|spe|1\n|\n|-heal|p2a: Suicune|177/298|[from] item: Leftovers\n|upkeep\n|turn|6\n|inactive|Time left: 300 sec this turn | 300 sec total\n|\n|t:|1783394338\n|move|p1a: Lapras|Dragon Dance|p1a: Lapras\n|-boost|p1a: Lapras|atk|1\n|-boost|p1a: Lapras|spe|1\n|move|p2a: Suicune|Substitute|p2a: Suicune\n|-start|p2a: Suicune|Substitute\n|-damage|p2a: Suicune|103/298\n|\n|-heal|p2a: Suicune|121/298|[from] item: Leftovers\n|upkeep\n|turn|7\n|inactive|Time left: 300 sec this turn | 300 sec total\n|\n|t:|1783394339\n|move|p2a: Suicune|Protect|p2a: Suicune\n|-singleturn|p2a: Suicune|Protect\n|move|p1a: Lapras|Icicle Spear|p2a: Suicune\n|-activate|p2a: Suicune|move: Protect\n|\n|-heal|p2a: Suicune|139/298|[from] item: Leftovers\n|upkeep\n|turn|8\n|inactive|Time left: 300 sec this turn | 300 sec total\n|\n|t:|1783394339\n|move|p1a: Lapras|Icicle Spear|p2a: Suicune\n|-resisted|p2a: Suicune\n|-activate|p2a: Suicune|move: Substitute|[damage]\n|-resisted|p2a: Suicune\n|-activate|p2a: Suicune|move: Substitute|[damage]\n|-resisted|p2a: Suicune\n|-activate|p2a: Suicune|move: Substitute|[damage]\n|-resisted|p2a: Suicune\n|-end|p2a: Suicune|Substitute\n|-hitcount|p2a: Suicune|4\n|move|p2a: Suicune|Substitute|p2a: Suicune\n|-start|p2a: Suicune|Substitute\n|-damage|p2a: Suicune|65/298\n|\n|-heal|p2a: Suicune|83/298|[from] item: Leftovers\n|upkeep\n|turn|9\n|inactive|Time left: 300 sec this turn | 300 sec total\n|\n|t:|1783394339\n|move|p2a: Suicune|Protect|p2a: Suicune\n|-singleturn|p2a: Suicune|Protect\n|move|p1a: Lapras|Icicle Spear|p2a: Suicune\n|-activate|p2a: Suicune|move: Protect\n|\n|-heal|p2a: Suicune|101/298|[from] item: Leftovers\n|upkeep\n|turn|10\n|inactive|Time left: 300 sec this turn | 300 sec total\n|\n|t:|1783394339\n|move|p1a: Lapras|Waterfall|p2a: Suicune\n|-end|p2a: Suicune|Substitute\n|move|p2a: Suicune|Substitute|p2a: Suicune\n|-start|p2a: Suicune|Substitute\n|-damage|p2a: Suicune|27/298\n|\n|-heal|p2a: Suicune|45/298|[from] item: Leftovers\n|upkeep\n|turn|11\n|inactive|Time left: 300 sec this turn | 300 sec total\n|\n|t:|1783394340\n|move|p2a: Suicune|Protect|p2a: Suicune\n|-singleturn|p2a: Suicune|Protect\n|move|p1a: Lapras|Earthquake|p2a: Suicune\n|-activate|p2a: Suicune|move: Protect\n|\n|-heal|p2a: Suicune|63/298|[from] item: Leftovers\n|upkeep\n|turn|12\n|inactive|Time left: 300 sec this turn | 300 sec total\n|\n|t:|1783394340\n|move|p2a: Suicune|Protect|p2a: Suicune\n|-singleturn|p2a: Suicune|Protect\n|move|p1a: Lapras|Icicle Spear|p2a: Suicune\n|-activate|p2a: Suicune|move: Protect\n|\n|-heal|p2a: Suicune|81/298|[from] item: Leftovers\n|upkeep\n|turn|13\n|inactive|Time left: 300 sec this turn | 300 sec total\n|\n|t:|1783394340\n|move|p1a: Lapras|Icicle Spear|p2a: Suicune\n|-resisted|p2a: Suicune\n|-activate|p2a: Suicune|move: Substitute|[damage]\n|-resisted|p2a: Suicune\n|-activate|p2a: Suicune|move: Substitute|[damage]\n|-resisted|p2a: Suicune\n|-activate|p2a: Suicune|move: Substitute|[damage]\n|-resisted|p2a: Suicune\n|-end|p2a: Suicune|Substitute\n|-resisted|p2a: Suicune\n|-damage|p2a: Suicune|57/298\n|-hitcount|p2a: Suicune|5\n|move|p2a: Suicune|Substitute|p2a: Suicune\n|-fail|p2a: Suicune|move: Substitute|[weak]\n|\n|-heal|p2a: Suicune|75/298|[from] item: Leftovers\n|upkeep\n|turn|14\n|inactive|Time left: 300 sec this turn | 300 sec total\n|\n|t:|1783394340\n|move|p2a: Suicune|Protect|p2a: Suicune\n|-singleturn|p2a: Suicune|Protect\n|move|p1a: Lapras|Icicle Spear|p2a: Suicune\n|-activate|p2a: Suicune|move: Protect\n|\n|-heal|p2a: Suicune|93/298|[from] item: Leftovers\n|upkeep\n|turn|15\n|inactive|Time left: 300 sec this turn | 300 sec total\n|\n|t:|1783394341\n|move|p2a: Suicune|Protect||[still]\n|-fail|p2a: Suicune\n|move|p1a: Lapras|Earthquake|p2a: Suicune\n|-supereffective|p2a: Suicune\n|-crit|p2a: Suicune\n|-damage|p2a: Suicune|0 fnt\n|faint|p2a: Suicune\n|\n|upkeep\n|inactive|Time left: 300 sec this turn | 300 sec total | 5 sec grace\n|\n|t:|1783394341\n|switch|p2a: Dunsparce|Dunsparce, L86, F|312/312\n|turn|16\n|inactive|Time left: 300 sec this turn | 300 sec total\n|\n|t:|1783394341\n|move|p1a: Lapras|Waterfall|p2a: Dunsparce\n|-damage|p2a: Dunsparce|182/312\n|move|p2a: Dunsparce|Coil|p2a: Dunsparce\n|-boost|p2a: Dunsparce|atk|1\n|-boost|p2a: Dunsparce|def|1\n|-boost|p2a: Dunsparce|accuracy|1\n|\n|upkeep\n|turn|17\n|inactive|Time left: 300 sec this turn | 300 sec total\n|\n|t:|1783394341\n|move|p1a: Lapras|Waterfall|p2a: Dunsparce\n|-damage|p2a: Dunsparce|94/312\n|move|p2a: Dunsparce|Roost|p2a: Dunsparce\n|-heal|p2a: Dunsparce|250/312\n|-singleturn|p2a: Dunsparce|move: Roost\n|\n|upkeep\n|turn|18\n|inactive|Time left: 300 sec this turn | 300 sec total\n|\n|t:|1783394342\n|move|p1a: Lapras|Waterfall|p2a: Dunsparce\n|-damage|p2a: Dunsparce|171/312\n|move|p2a: Dunsparce|Body Slam|p1a: Lapras\n|-damage|p1a: Lapras|69/100\n|-status|p1a: Lapras|par\n|\n|upkeep\n|turn|19\n|inactive|Time left: 300 sec this turn | 300 sec total\n|\n|t:|1783394342\n|cant|p1a: Lapras|par\n|move|p2a: Dunsparce|Roost|p2a: Dunsparce\n|-heal|p2a: Dunsparce|312/312\n|-singleturn|p2a: Dunsparce|move: Roost\n|\n|upkeep\n|turn|20\n|inactive|Time left: 300 sec this turn | 300 sec total\n|\n|t:|1783394342\n|move|p1a: Lapras|Waterfall|p2a: Dunsparce\n|-damage|p2a: Dunsparce|222/312\n|move|p2a: Dunsparce|Coil|p2a: Dunsparce\n|-boost|p2a: Dunsparce|atk|1\n|-boost|p2a: Dunsparce|def|1\n|-boost|p2a: Dunsparce|accuracy|1\n|\n|upkeep\n|turn|21\n|inactive|Time left: 300 sec this turn | 300 sec total\n|\n|t:|1783394342\n|move|p1a: Lapras|Waterfall|p2a: Dunsparce\n|-damage|p2a: Dunsparce|161/312\n|move|p2a: Dunsparce|Body Slam|p1a: Lapras\n|-damage|p1a: Lapras|30/100 par\n|\n|upkeep\n|turn|22\n|inactive|Time left: 300 sec this turn | 300 sec total\n|\n|t:|1783394343\n|move|p1a: Lapras|Waterfall|p2a: Dunsparce\n|-damage|p2a: Dunsparce|97/312\n|cant|p2a: Dunsparce|flinch\n|\n|upkeep\n|turn|23\n|inactive|Time left: 300 sec this turn | 300 sec total\n|\n|t:|1783394343\n|move|p1a: Lapras|Waterfall|p2a: Dunsparce\n|-damage|p2a: Dunsparce|33/312\n|cant|p2a: Dunsparce|flinch\n|\n|upkeep\n|turn|24\n|inactive|Time left: 300 sec this turn | 300 sec total\n|\n|t:|1783394343\n|move|p1a: Lapras|Icicle Spear|p2a: Dunsparce\n|-damage|p2a: Dunsparce|12/312\n|-damage|p2a: Dunsparce|0 fnt\n|faint|p2a: Dunsparce\n|-hitcount|p2: Dunsparce|2\n|\n|upkeep\n|inactive|Time left: 300 sec this turn | 300 sec total | 5 sec grace\n|\n|t:|1783394343\n|switch|p2a: Chesnaught|Chesnaught, L84, M|285/285\n|turn|25\n|inactive|Time left: 300 sec this turn | 300 sec total\n|\n|t:|1783394344\n|switch|p1a: Vespiquen|Vespiquen, L99, F|100/100\n|-ability|p1a: Vespiquen|Pressure\n|move|p2a: Chesnaught|Body Press|p1a: Vespiquen\n|-resisted|p1a: Vespiquen\n|-damage|p1a: Vespiquen|94/100\n|\n|upkeep\n|turn|26\n|inactive|Time left: 300 sec this turn | 300 sec total\n|\n|t:|1783394344\n|switch|p2a: Rotom|Rotom-Heat, L83|219/219\n|move|p1a: Vespiquen|Air Slash|p2a: Rotom\n|-resisted|p2a: Rotom\n|-damage|p2a: Rotom|181/219\n|\n|upkeep\n|turn|27\n|inactive|Time left: 300 sec this turn | 300 sec total\n|\n|t:|1783394344\n|move|p2a: Rotom|Nasty Plot|p2a: Rotom\n|-boost|p2a: Rotom|spa|2\n|move|p1a: Vespiquen|U-turn|p2a: Rotom\n|-resisted|p2a: Rotom\n|-damage|p2a: Rotom|145/219\n|\n|t:|1783394344\n|switch|p1a: Pikachu|Pikachu-Alola, L93, M|100/100|[from] U-turn\n|\n|upkeep\n|turn|28\n|inactive|Time left: 300 sec this turn | 300 sec total\n|\n|t:|1783394345\n|switch|p2a: Chesnaught|Chesnaught, L84, M|285/285\n|move|p1a: Pikachu|Surf|p2a: Chesnaught\n|-resisted|p2a: Chesnaught\n|-damage|p2a: Chesnaught|226/285\n|\n|-heal|p2a: Chesnaught|243/285|[from] item: Leftovers\n|upkeep\n|turn|29\n|inactive|Time left: 300 sec this turn | 300 sec total\n|\n|t:|1783394345\n|switch|p1a: Vespiquen|Vespiquen, L99, F|94/100\n|-ability|p1a: Vespiquen|Pressure\n|move|p2a: Chesnaught|Knock Off|p1a: Vespiquen\n|-damage|p1a: Vespiquen|76/100\n|-enditem|p1a: Vespiquen|Heavy-Duty Boots|[from] move: Knock Off|[of] p2a: Chesnaught\n|\n|-heal|p2a: Chesnaught|260/285|[from] item: Leftovers\n|upkeep\n|turn|30\n|inactive|Time left: 300 sec this turn | 300 sec total\n|\n|t:|1783394345\n|switch|p2a: Rotom|Rotom-Heat, L83|145/219\n|move|p1a: Vespiquen|U-turn|p2a: Rotom\n|-resisted|p2a: Rotom\n|-damage|p2a: Rotom|106/219\n|\n|t:|1783394345\n|switch|p1a: Pikachu|Pikachu-Alola, L93, M|100/100|[from] U-turn\n|\n|upkeep\n|turn|31\n|inactive|Time left: 300 sec this turn | 300 sec total\n|\n|t:|1783394346\n|switch|p2a: Chesnaught|Chesnaught, L84, M|260/285\n|move|p1a: Pikachu|Surf|p2a: Chesnaught\n|-resisted|p2a: Chesnaught\n|-damage|p2a: Chesnaught|201/285\n|\n|-heal|p2a: Chesnaught|218/285|[from] item: Leftovers\n|upkeep\n|turn|32\n|inactive|Time left: 300 sec this turn | 300 sec total\n|\n|t:|1783394346\n|switch|p1a: Vespiquen|Vespiquen, L99, F|76/100\n|-ability|p1a: Vespiquen|Pressure\n|move|p2a: Chesnaught|Body Press|p1a: Vespiquen\n|-resisted|p1a: Vespiquen\n|-damage|p1a: Vespiquen|69/100\n|\n|-heal|p2a: Chesnaught|235/285|[from] item: Leftovers\n|upkeep\n|turn|33\n|inactive|Time left: 300 sec this turn | 300 sec total\n|\n|t:|1783394346\n|switch|p2a: Rotom|Rotom-Heat, L83|106/219\n|move|p1a: Vespiquen|Air Slash|p2a: Rotom\n|-resisted|p2a: Rotom\n|-damage|p2a: Rotom|64/219\n|\n|upkeep\n|turn|34\n|inactive|Time left: 300 sec this turn | 300 sec total\n|\n|t:|1783394346\n|switch|p1a: Lapras|Lapras, L87, M|30/100 par\n|move|p2a: Rotom|Overheat|p1a: Lapras\n|-damage|p1a: Lapras|0 fnt\n|-unboost|p2a: Rotom|spa|2\n|faint|p1a: Lapras\n|\n|upkeep\n|\n|t:|1783394347\n|switch|p1a: Flareon|Flareon, L90, F, tera:Normal|58/100 tox\n|turn|35\n|inactive|Time left: 300 sec this turn | 300 sec total\n|\n|t:|1783394347\n|move|p2a: Rotom|Overheat|p1a: Flareon\n|-damage|p1a: Flareon|37/100 tox\n|-unboost|p2a: Rotom|spa|2\n|move|p1a: Flareon|Facade|p2a: Rotom\n|-damage|p2a: Rotom|0 fnt\n|faint|p2a: Rotom\n|\n|-damage|p1a: Flareon|31/100 tox|[from] psn\n|upkeep\n|inactive|Time left: 300 sec this turn | 300 sec total | 5 sec grace\n|\n|t:|1783394347\n|switch|p2a: Charizard|Charizard, L85, M|271/271\n|turn|36\n|inactive|Time left: 300 sec this turn | 300 sec total\n|\n|t:|1783394347\n|switch|p1a: Dondozo|Dondozo, L78, F|100/100\n|move|p2a: Charizard|Flamethrower|p1a: Dondozo\n|-resisted|p1a: Dondozo\n|-damage|p1a: Dondozo|81/100\n|-status|p1a: Dondozo|brn\n|\n|-heal|p1a: Dondozo|87/100 brn|[from] item: Leftovers\n|-damage|p1a: Dondozo|81/100 brn|[from] brn\n|upkeep\n|turn|37\n|inactive|Time left: 300 sec this turn | 300 sec total\n|\n|t:|1783394348\n|move|p2a: Charizard|Hurricane|p1a: Dondozo\n|-damage|p1a: Dondozo|30/100 brn\n|-start|p1a: Dondozo|confusion\n|-activate|p1a: Dondozo|confusion\n|move|p1a: Dondozo|Wave Crash|p2a: Charizard\n|-supereffective|p2a: Charizard\n|-damage|p2a: Charizard|153/271\n|-damage|p1a: Dondozo|19/100 brn|[from] Recoil\n|\n|-heal|p1a: Dondozo|25/100 brn|[from] item: Leftovers\n|-damage|p1a: Dondozo|19/100 brn|[from] brn\n|upkeep\n|turn|38\n|inactive|Time left: 300 sec this turn | 300 sec total\n|\n|t:|1783394348\n|move|p2a: Charizard|Flamethrower|p1a: Dondozo\n|-resisted|p1a: Dondozo\n|-damage|p1a: Dondozo|0 fnt\n|faint|p1a: Dondozo\n|\n|upkeep\n|\n|t:|1783394348\n|switch|p1a: Pikachu|Pikachu-Alola, L93, M|100/100\n|turn|39\n|inactive|Time left: 300 sec this turn | 300 sec total\n|\n|t:|1783394348\n|switch|p2a: Chesnaught|Chesnaught, L84, M|235/285\n|move|p1a: Pikachu|Surf|p2a: Chesnaught\n|-resisted|p2a: Chesnaught\n|-damage|p2a: Chesnaught|179/285\n|\n|-heal|p2a: Chesnaught|196/285|[from] item: Leftovers\n|upkeep\n|turn|40\n|inactive|Time left: 300 sec this turn | 300 sec total\n|\n|t:|1783394349\n|switch|p1a: Vespiquen|Vespiquen, L99, F|69/100\n|-ability|p1a: Vespiquen|Pressure\n|move|p2a: Chesnaught|Synthesis|p2a: Chesnaught\n|-heal|p2a: Chesnaught|285/285\n|\n|upkeep\n|turn|41\n|inactive|Time left: 300 sec this turn | 300 sec total\n|\n|t:|1783394349\n|switch|p2a: Charizard|Charizard, L85, M|153/271\n|move|p1a: Vespiquen|U-turn|p2a: Charizard\n|-resisted|p2a: Charizard\n|-damage|p2a: Charizard|131/271\n|\n|t:|1783394349\n|switch|p1a: Pikachu|Pikachu-Alola, L93, M|100/100|[from] U-turn\n|\n|upkeep\n|turn|42\n|inactive|Time left: 300 sec this turn | 300 sec total\n|\n|t:|1783394349\n|switch|p2a: Chesnaught|Chesnaught, L84, M|285/285\n|move|p1a: Pikachu|Surf|p2a: Chesnaught\n|-resisted|p2a: Chesnaught\n|-damage|p2a: Chesnaught|229/285\n|\n|-heal|p2a: Chesnaught|246/285|[from] item: Leftovers\n|upkeep\n|turn|43\n|inactive|Time left: 300 sec this turn | 300 sec total\n|\n|t:|1783394350\n|move|p1a: Pikachu|Volt Switch|p2a: Chesnaught\n|-resisted|p2a: Chesnaught\n|-crit|p2a: Chesnaught\n|-damage|p2a: Chesnaught|157/285\n|\n|t:|1783394350\n|switch|p1a: Vespiquen|Vespiquen, L99, F|69/100|[from] Volt Switch\n|-ability|p1a: Vespiquen|Pressure\n|move|p2a: Chesnaught|Knock Off|p1a: Vespiquen\n|-damage|p1a: Vespiquen|56/100\n|\n|-heal|p2a: Chesnaught|174/285|[from] item: Leftovers\n|upkeep\n|turn|44\n|inactive|Time left: 300 sec this turn | 300 sec total\n|\n|t:|1783394350\n|switch|p2a: Charizard|Charizard, L85, M|131/271\n|move|p1a: Vespiquen|U-turn|p2a: Charizard\n|-resisted|p2a: Charizard\n|-damage|p2a: Charizard|109/271\n|\n|t:|1783394350\n|switch|p1a: Pikachu|Pikachu-Alola, L93, M|100/100|[from] U-turn\n|\n|upkeep\n|turn|45\n|inactive|Time left: 300 sec this turn | 300 sec total\n|\n|t:|1783394351\n|switch|p2a: Raichu|Raichu, L88, M|249/249\n|move|p1a: Pikachu|Surf|p2a: Raichu\n|-damage|p2a: Raichu|151/249\n|\n|upkeep\n|turn|46\n|inactive|Time left: 300 sec this turn | 300 sec total\n|\n|t:|1783394351\n|move|p2a: Raichu|Nasty Plot|p2a: Raichu\n|-boost|p2a: Raichu|spa|2\n|move|p1a: Pikachu|Play Rough|p2a: Raichu\n|-damage|p2a: Raichu|6/249\n|\n|upkeep\n|turn|47\n|inactive|Time left: 300 sec this turn | 300 sec total\n|\n|t:|1783394351\n|switch|p1a: Vespiquen|Vespiquen, L99, F|56/100\n|-ability|p1a: Vespiquen|Pressure\n|move|p2a: Raichu|Tera Blast|p1a: Vespiquen\n|-damage|p1a: Vespiquen|18/100\n|-damage|p2a: Raichu|0 fnt|[from] item: Life Orb\n|faint|p2a: Raichu\n|\n|upkeep\n|inactive|Time left: 300 sec this turn | 300 sec total | 5 sec grace\n|\n|t:|1783394351\n|switch|p2a: Charizard|Charizard, L85, M|109/271\n|turn|48\n|inactive|Time left: 300 sec this turn | 300 sec total\n|\n|t:|1783394352\n|move|p2a: Charizard|Will-O-Wisp|p1a: Vespiquen\n|-status|p1a: Vespiquen|brn\n|move|p1a: Vespiquen|Air Slash|p2a: Charizard\n|-damage|p2a: Charizard|12/271\n|\n|-damage|p1a: Vespiquen|12/100 brn|[from] brn\n|upkeep\n|turn|49\n|inactive|Time left: 300 sec this turn | 300 sec total\n|\n|t:|1783394352\n|move|p2a: Charizard|Flamethrower|p1a: Vespiquen\n|-supereffective|p1a: Vespiquen\n|-damage|p1a: Vespiquen|0 fnt\n|faint|p1a: Vespiquen\n|\n|upkeep\n|\n|t:|1783394352\n|switch|p1a: Pikachu|Pikachu-Alola, L93, M|100/100\n|turn|50\n|inactive|Time left: 300 sec this turn | 300 sec total\n|\n|t:|1783394352\n|switch|p2a: Chesnaught|Chesnaught, L84, M|174/285\n|move|p1a: Pikachu|Volt Switch|p2a: Chesnaught\n|-resisted|p2a: Chesnaught\n|-damage|p2a: Chesnaught|105/285\n|\n|t:|1783394353\n|switch|p1a: Flareon|Flareon, L90, F, tera:Normal|31/100 tox|[from] Volt Switch\n|\n|-heal|p2a: Chesnaught|122/285|[from] item: Leftovers\n|-damage|p1a: Flareon|24/100 tox|[from] psn\n|upkeep\n|turn|51\n|inactive|Time left: 300 sec this turn | 300 sec total\n|\n|t:|1783394353\n|move|p1a: Flareon|Flare Blitz|p2a: Chesnaught\n|-supereffective|p2a: Chesnaught\n|-damage|p2a: Chesnaught|0 fnt\n|faint|p2a: Chesnaught\n|-damage|p1a: Flareon|9/100 tox|[from] Recoil\n|\n|-damage|p1a: Flareon|0 fnt|[from] psn\n|faint|p1a: Flareon\n|upkeep\n|inactive|Time left: 300 sec this turn | 300 sec total | 5 sec grace\n|\n|t:|1783394353\n|switch|p1a: Pikachu|Pikachu-Alola, L93, M|100/100\n|switch|p2a: Charizard|Charizard, L85, M|12/271\n|turn|52\n|inactive|Time left: 300 sec this turn | 300 sec total\n|\n|t:|1783394353\n|move|p1a: Pikachu|Volt Switch|p2a: Charizard\n|-supereffective|p2a: Charizard\n|-damage|p2a: Charizard|0 fnt\n|faint|p2a: Charizard\n|\n|win|p0x008db10", "uploadtime": 1783394353, "views": 0, "rating": 0, "private": 0, "password": null, "_winner": "p0x008db10", "_our_name": "p0y0084629"}harizard\n|-supereffective|p2a: Charizard\n|-damage|p2a: Charizard|0 fnt\n|faint|p2a: Charizard\n|\n|win|p0x008db10", "uploadtime": 1783394353, "views": 0, "rating": 0, "private": 0, "password": null, "_winner": "p0x008db10", "_our_name": "p0x008db10"}