{"id": "battle-gen9randombattle-316", "formatid": "gen9randombattle", "format": "[Gen 9] Random Battle", "players": ["p0x004d25a", "p0y0042e64"], "log": "|init|battle\n|title|p0x004d25a vs. p0y0042e64\n|j|\u2606p0x004d25a\n|j|\u2606p0y0042e64\n|t:|1783394275\n|gametype|singles\n|player|p1|p0x004d25a|265|\n|player|p2|p0y0042e64|169|\n|gen|9\n|tier|[Gen 9] Random Battle\n|rule|Species Clause: Limit one of each Pok\u00e9mon\n|rule|HP Percentage Mod: HP is shown in percentages\n|rule|Sleep Clause Mod: Limit one foe put to sleep\n|rule|Illusion Level Mod: Illusion disguises the Pok\u00e9mon's true level\n|\n|t:|1783394275\n|teamsize|p1|6\n|teamsize|p2|6\n|start\n|switch|p1a: Regirock|Regirock, L83|268/268\n|switch|p2a: Ninetales|Ninetales, L85, M|100/100\n|-weather|SunnyDay|[from] ability: Drought|[of] p2a: Ninetales\n|turn|1\n|inactive|Battle timer is ON: inactive players will automatically lose when time's up. (requested by p0x004d25a)\n|inactive|p0y0042e64 also wants the timer to be on.\n|\n|t:|1783394275\n|move|p2a: Ninetales|Scorching Sands|p1a: Regirock\n|-supereffective|p1a: Regirock\n|-damage|p1a: Regirock|192/268\n|move|p1a: Regirock|Stone Edge|p2a: Ninetales|[miss]\n|-miss|p1a: Regirock|p2a: Ninetales\n|\n|-weather|SunnyDay|[upkeep]\n|upkeep\n|turn|2\n|inactive|Time left: 300 sec this turn | 300 sec total\n|\n|t:|1783394275\n|-terastallize|p2a: Ninetales|Grass\n|move|p2a: Ninetales|Solar Beam||[still]\n|-prepare|p2a: Ninetales|Solar Beam\n|-anim|p2a: Ninetales|Solar Beam|p1a: Regirock\n|-supereffective|p1a: Regirock\n|-damage|p1a: Regirock|0 fnt\n|faint|p1a: Regirock\n|\n|-weather|SunnyDay|[upkeep]\n|upkeep\n|inactive|Time left: 300 sec this turn | 300 sec total | 5 sec grace\n|\n|t:|1783394275\n|switch|p1a: Honchkrow|Honchkrow, L86, F|312/312\n|turn|3\n|inactive|Time left: 300 sec this turn | 300 sec total\n|\n|t:|1783394276\n|switch|p2a: Drednaw|Drednaw, L81, F|100/100\n|move|p1a: Honchkrow|Brave Bird|p2a: Drednaw\n|-resisted|p2a: Drednaw\n|-damage|p2a: Drednaw|71/100\n|-damage|p1a: Honchkrow|285/312|[from] Recoil\n|\n|-weather|SunnyDay|[upkeep]\n|upkeep\n|turn|4\n|inactive|Time left: 300 sec this turn | 300 sec total\n|\n|t:|1783394276\n|move|p1a: Honchkrow|U-turn|p2a: Drednaw\n|-damage|p2a: Drednaw|48/100\n|inactive|Time left: 300 sec this turn | 300 sec total | 5 sec grace\n|\n|t:|1783394276\n|switch|p1a: Iron Leaves|Iron Leaves, L80|275/275|[from] U-turn\n|move|p2a: Drednaw|Stone Edge|p1a: Iron Leaves\n|-damage|p1a: Iron Leaves|163/275\n|\n|-weather|SunnyDay|[upkeep]\n|upkeep\n|turn|5\n|inactive|Time left: 300 sec this turn | 300 sec total\n|\n|t:|1783394276\n|switch|p2a: Noivern|Noivern, L82, M|100/100\n|move|p1a: Iron Leaves|Leaf Blade|p2a: Noivern\n|-resisted|p2a: Noivern\n|-damage|p2a: Noivern|83/100\n|\n|-weather|none\n|upkeep\n|turn|6\n|inactive|Time left: 300 sec this turn | 300 sec total\n|\n|t:|1783394276\n|-end|p1a: Iron Leaves|Quark Drive|[silent]\n|switch|p1a: Bruxish|Bruxish, L85, M|254/254\n|move|p2a: Noivern|Hurricane|p1a: Bruxish|[miss]\n|-miss|p2a: Noivern|p1a: Bruxish\n|\n|upkeep\n|turn|7\n|inactive|Time left: 300 sec this turn | 300 sec total\n|\n|t:|1783394277\n|switch|p2a: Scrafty|Scrafty, L83, F|100/100\n|move|p1a: Bruxish|Psychic Fangs|p2a: Scrafty\n|-immune|p2a: Scrafty\n|\n|upkeep\n|turn|8\n|inactive|Time left: 300 sec this turn | 300 sec total\n|\n|t:|1783394277\n|switch|p1a: Honchkrow|Honchkrow, L86, F|285/312\n|move|p2a: Scrafty|Bulk Up|p2a: Scrafty\n|-boost|p2a: Scrafty|atk|1\n|-boost|p2a: Scrafty|def|1\n|\n|upkeep\n|turn|9\n|inactive|Time left: 300 sec this turn | 300 sec total\n|\n|t:|1783394277\n|-terastallize|p1a: Honchkrow|Flying\n|move|p1a: Honchkrow|Brave Bird|p2a: Scrafty\n|-supereffective|p2a: Scrafty\n|-damage|p2a: Scrafty|5/100\n|-damage|p1a: Honchkrow|208/312|[from] Recoil\n|move|p2a: Scrafty|Rest|p2a: Scrafty\n|-status|p2a: Scrafty|slp|[from] move: Rest\n|-heal|p2a: Scrafty|100/100 slp|[silent]\n|\n|upkeep\n|turn|10\n|inactive|Time left: 300 sec this turn | 300 sec total\n|\n|t:|1783394277\n|switch|p2a: Arbok|Arbok, L87, M|100/100\n|-ability|p2a: Arbok|Intimidate|boost\n|-unboost|p1a: Honchkrow|atk|1\n|move|p1a: Honchkrow|Brave Bird|p2a: Arbok\n|-damage|p2a: Arbok|34/100\n|-damage|p1a: Honchkrow|154/312|[from] Recoil\n|\n|upkeep\n|turn|11\n|inactive|Time left: 300 sec this turn | 300 sec total\n|\n|t:|1783394278\n|move|p1a: Honchkrow|Sucker Punch|p2a: Arbok\n|-damage|p2a: Arbok|2/100\n|move|p2a: Arbok|Gunk Shot|p1a: Honchkrow\n|-damage|p1a: Honchkrow|0 fnt\n|faint|p1a: Honchkrow\n|-damage|p2a: Arbok|0 fnt|[from] item: Life Orb\n|faint|p2a: Arbok\n|\n|upkeep\n|inactive|Time left: 300 sec this turn | 300 sec total | 5 sec grace\n|\n|t:|1783394278\n|switch|p2a: Ninetales|Ninetales, L85, M, tera:Grass|100/100\n|switch|p1a: Urshifu|Urshifu-Rapid-Strike, L75, F|274/274\n|-weather|SunnyDay|[from] ability: Drought|[of] p2a: Ninetales\n|turn|12\n|inactive|Time left: 300 sec this turn | 300 sec total\n|\n|t:|1783394278\n|switch|p1a: Gholdengo|Gholdengo, L77|261/261\n|move|p2a: Ninetales|Solar Beam||[still]\n|-prepare|p2a: Ninetales|Solar Beam\n|-anim|p2a: Ninetales|Solar Beam|p1a: Gholdengo\n|-resisted|p1a: Gholdengo\n|-damage|p1a: Gholdengo|205/261\n|\n|-weather|SunnyDay|[upkeep]\n|upkeep\n|turn|13\n|inactive|Time left: 300 sec this turn | 300 sec total\n|\n|t:|1783394278\n|move|p1a: Gholdengo|Make It Rain|p2a: Ninetales\n|-damage|p2a: Ninetales|55/100\n|-unboost|p1a: Gholdengo|spa|1\n|move|p2a: Ninetales|Fire Blast|p1a: Gholdengo\n|-supereffective|p1a: Gholdengo\n|-damage|p1a: Gholdengo|0 fnt\n|faint|p1a: Gholdengo\n|\n|-weather|SunnyDay|[upkeep]\n|upkeep\n|inactive|Time left: 300 sec this turn | 300 sec total | 5 sec grace\n|\n|t:|1783394279\n|switch|p1a: Bruxish|Bruxish, L85, M|254/254\n|turn|14\n|inactive|Time left: 300 sec this turn | 300 sec total\n|\n|t:|1783394279\n|switch|p1a: Iron Leaves|Iron Leaves, L80|163/275\n|move|p2a: Ninetales|Solar Beam||[still]\n|-prepare|p2a: Ninetales|Solar Beam\n|-anim|p2a: Ninetales|Solar Beam|p1a: Iron Leaves\n|-resisted|p1a: Iron Leaves\n|-damage|p1a: Iron Leaves|115/275\n|\n|-weather|SunnyDay|[upkeep]\n|upkeep\n|turn|15\n|inactive|Time left: 300 sec this turn | 300 sec total\n|\n|t:|1783394279\n|-end|p1a: Iron Leaves|Quark Drive|[silent]\n|switch|p1a: Bruxish|Bruxish, L85, M|254/254\n|move|p2a: Ninetales|Fire Blast|p1a: Bruxish\n|-resisted|p1a: Bruxish\n|-damage|p1a: Bruxish|155/254\n|\n|-weather|SunnyDay|[upkeep]\n|upkeep\n|turn|16\n|inactive|Time left: 300 sec this turn | 300 sec total\n|\n|t:|1783394279\n|switch|p1a: Iron Leaves|Iron Leaves, L80|115/275\n|move|p2a: Ninetales|Solar Beam||[still]\n|-prepare|p2a: Ninetales|Solar Beam\n|-anim|p2a: Ninetales|Solar Beam|p1a: Iron Leaves\n|-resisted|p1a: Iron Leaves\n|-damage|p1a: Iron Leaves|60/275\n|\n|-weather|none\n|upkeep\n|turn|17\n|inactive|Time left: 300 sec this turn | 300 sec total\n|\n|t:|1783394280\n|move|p2a: Ninetales|Fire Blast|p1a: Iron Leaves\n|-supereffective|p1a: Iron Leaves\n|-damage|p1a: Iron Leaves|0 fnt\n|faint|p1a: Iron Leaves\n|-end|p1a: Iron Leaves|Quark Drive|[silent]\n|\n|upkeep\n|inactive|Time left: 300 sec this turn | 300 sec total | 5 sec grace\n|\n|t:|1783394280\n|switch|p1a: Bruxish|Bruxish, L85, M|155/254\n|turn|18\n|inactive|Time left: 300 sec this turn | 300 sec total\n|\n|t:|1783394280\n|switch|p2a: Scrafty|Scrafty, L83, F|100/100 slp\n|move|p1a: Bruxish|Ice Fang|p2a: Scrafty\n|-damage|p2a: Scrafty|62/100 slp\n|\n|-heal|p2a: Scrafty|68/100 slp|[from] item: Leftovers\n|upkeep\n|turn|19\n|inactive|Time left: 300 sec this turn | 300 sec total\n|\n|t:|1783394280\n|switch|p2a: Noivern|Noivern, L82, M|83/100\n|move|p1a: Bruxish|Ice Fang|p2a: Noivern\n|-supereffective|p2a: Noivern\n|-damage|p2a: Noivern|0 fnt\n|faint|p2a: Noivern\n|\n|upkeep\n|\n|t:|1783394281\n|switch|p2a: Meloetta|Meloetta, L82|100/100\n|turn|20\n|inactive|Time left: 300 sec this turn | 300 sec total\n|\n|t:|1783394281\n|move|p1a: Bruxish|Ice Fang|p2a: Meloetta\n|-damage|p2a: Meloetta|57/100\n|move|p2a: Meloetta|Calm Mind|p2a: Meloetta\n|-boost|p2a: Meloetta|spa|1\n|-boost|p2a: Meloetta|spd|1\n|\n|-heal|p2a: Meloetta|63/100|[from] item: Leftovers\n|upkeep\n|turn|21\n|inactive|Time left: 300 sec this turn | 300 sec total\n|\n|t:|1783394281\n|switch|p1a: Urshifu|Urshifu-Rapid-Strike, L75, F|274/274\n|move|p2a: Meloetta|Hyper Voice|p1a: Urshifu\n|-damage|p1a: Urshifu|18/274\n|\n|-heal|p2a: Meloetta|69/100|[from] item: Leftovers\n|upkeep\n|turn|22\n|inactive|Time left: 300 sec this turn | 300 sec total\n|\n|t:|1783394281\n|move|p2a: Meloetta|Psyshock|p1a: Urshifu\n|-supereffective|p1a: Urshifu\n|-crit|p1a: Urshifu\n|-damage|p1a: Urshifu|0 fnt\n|faint|p1a: Urshifu\n|\n|-heal|p2a: Meloetta|75/100|[from] item: Leftovers\n|upkeep\n|inactive|Time left: 300 sec this turn | 300 sec total | 5 sec grace\n|\n|t:|1783394282\n|switch|p1a: Bruxish|Bruxish, L85, M|155/254\n|turn|23\n|inactive|Time left: 300 sec this turn | 300 sec total\n|\n|t:|1783394282\n|move|p1a: Bruxish|Ice Fang|p2a: Meloetta\n|-damage|p2a: Meloetta|32/100\n|cant|p2a: Meloetta|flinch\n|\n|-heal|p2a: Meloetta|38/100|[from] item: Leftovers\n|upkeep\n|turn|24\n|inactive|Time left: 300 sec this turn | 300 sec total\n|\n|t:|1783394282\n|move|p1a: Bruxish|Ice Fang|p2a: Meloetta\n|-damage|p2a: Meloetta|0 fnt\n|faint|p2a: Meloetta\n|\n|upkeep\n|\n|t:|1783394282\n|switch|p2a: Drednaw|Drednaw, L81, F|48/100\n|turn|25\n|inactive|Time left: 300 sec this turn | 300 sec total\n|\n|t:|1783394282\n|move|p1a: Bruxish|Ice Fang|p2a: Drednaw\n|-resisted|p2a: Drednaw\n|-damage|p2a: Drednaw|26/100\n|move|p2a: Drednaw|Shell Smash|p2a: Drednaw\n|-unboost|p2a: Drednaw|def|1\n|-unboost|p2a: Drednaw|spd|1\n|-boost|p2a: Drednaw|atk|2\n|-boost|p2a: Drednaw|spa|2\n|-boost|p2a: Drednaw|spe|2\n|-enditem|p2a: Drednaw|White Herb\n|-clearnegativeboost|p2a: Drednaw|[silent]\n|\n|upkeep\n|turn|26\n|inactive|Time left: 300 sec this turn | 300 sec total\n|\n|t:|1783394283\n|move|p2a: Drednaw|Earthquake|p1a: Bruxish\n|-damage|p1a: Bruxish|0 fnt\n|faint|p1a: Bruxish\n|\n|win|p0y0042e64", "uploadtime": 1783394283, "views": 0, "rating": 0, "private": 0, "password": null, "_winner": "p0y0042e64", "_our_name": "p0x004d25a"}