{"id": "battle-gen9randombattle-148", "formatid": "gen9randombattle", "format": "[Gen 9] Random Battle", "players": ["p0x00855c5", "p0y008a5b8"], "log": "|init|battle\n|title|p0x00855c5 vs. p0y008a5b8\n|j|\u2606p0x00855c5\n|j|\u2606p0y008a5b8\n|t:|1783403204\n|gametype|singles\n|player|p1|p0x00855c5|170|\n|player|p2|p0y008a5b8|265|\n|gen|9\n|tier|[Gen 9] Random Battle\n|rule|Species Clause: Limit one of each Pok\u00e9mon\n|rule|HP Percentage Mod: HP is shown in percentages\n|rule|Sleep Clause Mod: Limit one foe put to sleep\n|rule|Illusion Level Mod: Illusion disguises the Pok\u00e9mon's true level\n|\n|t:|1783403204\n|teamsize|p1|6\n|teamsize|p2|6\n|start\n|switch|p1a: Bastiodon|Bastiodon, L89, M|100/100\n|switch|p2a: Ribombee|Ribombee, L83, M|235/235\n|turn|1\n|inactive|Battle timer is ON: inactive players will automatically lose when time's up. (requested by p0x00855c5)\n|inactive|Time left: 300 sec this turn | 300 sec total | 60 sec grace\n|inactive|p0y008a5b8 also wants the timer to be on.\n|\n|t:|1783403204\n|switch|p1a: Armarouge|Armarouge, L80, M|100/100\n|move|p2a: Ribombee|Quiver Dance|p2a: Ribombee\n|-boost|p2a: Ribombee|spa|1\n|-boost|p2a: Ribombee|spd|1\n|-boost|p2a: Ribombee|spe|1\n|\n|upkeep\n|turn|2\n|inactive|Time left: 300 sec this turn | 300 sec total\n|\n|t:|1783403205\n|-terastallize|p2a: Ribombee|Ground\n|move|p2a: Ribombee|Tera Blast|p1a: Armarouge|[anim] Tera Blast Ground\n|-supereffective|p1a: Armarouge\n|-damage|p1a: Armarouge|0 fnt\n|faint|p1a: Armarouge\n|\n|upkeep\n|\n|t:|1783403205\n|switch|p1a: Bellossom|Bellossom, L84, M|100/100\n|turn|3\n|inactive|Time left: 300 sec this turn | 300 sec total\n|\n|t:|1783403205\n|move|p2a: Ribombee|Quiver Dance|p2a: Ribombee\n|-boost|p2a: Ribombee|spa|1\n|-boost|p2a: Ribombee|spd|1\n|-boost|p2a: Ribombee|spe|1\n|move|p1a: Bellossom|Quiver Dance|p1a: Bellossom\n|-boost|p1a: Bellossom|spa|1\n|-boost|p1a: Bellossom|spd|1\n|-boost|p1a: Bellossom|spe|1\n|\n|upkeep\n|turn|4\n|inactive|Time left: 300 sec this turn | 300 sec total\n|\n|t:|1783403205\n|move|p2a: Ribombee|Quiver Dance|p2a: Ribombee\n|-boost|p2a: Ribombee|spa|1\n|-boost|p2a: Ribombee|spd|1\n|-boost|p2a: Ribombee|spe|1\n|move|p1a: Bellossom|Giga Drain|p2a: Ribombee\n|-supereffective|p2a: Ribombee\n|-damage|p2a: Ribombee|133/235\n|\n|upkeep\n|turn|5\n|inactive|Time left: 300 sec this turn | 300 sec total\n|\n|t:|1783403206\n|-terastallize|p1a: Bellossom|Poison\n|move|p2a: Ribombee|Bug Buzz|p1a: Bellossom\n|-resisted|p1a: Bellossom\n|-damage|p1a: Bellossom|75/100\n|move|p1a: Bellossom|Giga Drain|p2a: Ribombee\n|-supereffective|p2a: Ribombee\n|-crit|p2a: Ribombee\n|-damage|p2a: Ribombee|0 fnt\n|-heal|p1a: Bellossom|100/100|[from] drain|[of] p2a: Ribombee\n|faint|p2a: Ribombee\n|\n|upkeep\n|inactive|Time left: 300 sec this turn | 300 sec total | 5 sec grace\n|\n|t:|1783403206\n|switch|p2a: Tentacruel|Tentacruel, L84, F|272/272\n|turn|6\n|inactive|Time left: 300 sec this turn | 300 sec total\n|\n|t:|1783403206\n|move|p2a: Tentacruel|Haze|p2a: Tentacruel\n|-clearallboost\n|move|p1a: Bellossom|Quiver Dance|p1a: Bellossom\n|-boost|p1a: Bellossom|spa|1\n|-boost|p1a: Bellossom|spd|1\n|-boost|p1a: Bellossom|spe|1\n|\n|upkeep\n|turn|7\n|inactive|Time left: 300 sec this turn | 300 sec total\n|\n|t:|1783403206\n|move|p2a: Tentacruel|Surf|p1a: Bellossom\n|-damage|p1a: Bellossom|81/100\n|move|p1a: Bellossom|Quiver Dance|p1a: Bellossom\n|-boost|p1a: Bellossom|spa|1\n|-boost|p1a: Bellossom|spd|1\n|-boost|p1a: Bellossom|spe|1\n|\n|-heal|p1a: Bellossom|87/100|[from] item: Leftovers\n|upkeep\n|turn|8\n|inactive|Time left: 300 sec this turn | 300 sec total\n|\n|t:|1783403207\n|move|p1a: Bellossom|Sludge Bomb|p2a: Tentacruel\n|-resisted|p2a: Tentacruel\n|-damage|p2a: Tentacruel|199/272\n|move|p2a: Tentacruel|Haze|p2a: Tentacruel\n|-clearallboost\n|\n|-heal|p2a: Tentacruel|216/272|[from] item: Leftovers\n|-heal|p1a: Bellossom|93/100|[from] item: Leftovers\n|upkeep\n|turn|9\n|inactive|Time left: 300 sec this turn | 300 sec total\n|\n|t:|1783403207\n|move|p2a: Tentacruel|Surf|p1a: Bellossom\n|-crit|p1a: Bellossom\n|-damage|p1a: Bellossom|52/100\n|move|p1a: Bellossom|Quiver Dance|p1a: Bellossom\n|-boost|p1a: Bellossom|spa|1\n|-boost|p1a: Bellossom|spd|1\n|-boost|p1a: Bellossom|spe|1\n|\n|-heal|p2a: Tentacruel|233/272|[from] item: Leftovers\n|-heal|p1a: Bellossom|58/100|[from] item: Leftovers\n|upkeep\n|turn|10\n|inactive|Time left: 300 sec this turn | 300 sec total\n|\n|t:|1783403207\n|move|p2a: Tentacruel|Surf|p1a: Bellossom\n|-crit|p1a: Bellossom\n|-damage|p1a: Bellossom|12/100\n|move|p1a: Bellossom|Sludge Bomb|p2a: Tentacruel\n|-resisted|p2a: Tentacruel\n|-damage|p2a: Tentacruel|185/272\n|\n|-heal|p2a: Tentacruel|202/272|[from] item: Leftovers\n|-heal|p1a: Bellossom|18/100|[from] item: Leftovers\n|upkeep\n|turn|11\n|inactive|Time left: 300 sec this turn | 300 sec total\n|\n|t:|1783403207\n|switch|p1a: Rayquaza|Rayquaza, L72|100/100\n|-ability|p1a: Rayquaza|Air Lock\n|move|p2a: Tentacruel|Surf|p1a: Rayquaza\n|-resisted|p1a: Rayquaza\n|-damage|p1a: Rayquaza|82/100\n|\n|-heal|p2a: Tentacruel|219/272|[from] item: Leftovers\n|upkeep\n|turn|12\n|inactive|Time left: 300 sec this turn | 300 sec total\n|\n|t:|1783403208\n|switch|p2a: Incineroar|Incineroar, L82, F|290/290\n|-ability|p2a: Incineroar|Intimidate|boost\n|-unboost|p1a: Rayquaza|atk|1\n|move|p1a: Rayquaza|Earthquake|p2a: Incineroar\n|-supereffective|p2a: Incineroar\n|-damage|p2a: Incineroar|196/290\n|\n|upkeep\n|turn|13\n|inactive|Time left: 300 sec this turn | 300 sec total\n|\n|t:|1783403208\n|move|p1a: Rayquaza|Swords Dance|p1a: Rayquaza\n|-boost|p1a: Rayquaza|atk|2\n|move|p2a: Incineroar|Parting Shot|p1a: Rayquaza\n|-unboost|p1a: Rayquaza|atk|1\n|-unboost|p1a: Rayquaza|spa|1\n|inactive|Time left: 300 sec this turn | 300 sec total | 5 sec grace\n|\n|t:|1783403208\n|switch|p2a: Pincurchin|Pincurchin, M|258/258|[from] Parting Shot\n|-fieldstart|move: Electric Terrain|[from] ability: Electric Surge|[of] p2a: Pincurchin\n|\n|upkeep\n|turn|14\n|inactive|Time left: 300 sec this turn | 300 sec total\n|\n|t:|1783403208\n|move|p1a: Rayquaza|Swords Dance|p1a: Rayquaza\n|-boost|p1a: Rayquaza|atk|2\n|move|p2a: Pincurchin|Zing Zap|p1a: Rayquaza\n|-damage|p1a: Rayquaza|16/100\n|\n|upkeep\n|turn|15\n|inactive|Time left: 300 sec this turn | 300 sec total\n|\n|t:|1783403209\n|move|p1a: Rayquaza|Earthquake|p2a: Pincurchin\n|-supereffective|p2a: Pincurchin\n|-damage|p2a: Pincurchin|38/258\n|move|p2a: Pincurchin|Liquidation|p1a: Rayquaza\n|-resisted|p1a: Rayquaza\n|-damage|p1a: Rayquaza|0 fnt\n|faint|p1a: Rayquaza\n|\n|-heal|p2a: Pincurchin|54/258|[from] item: Leftovers\n|upkeep\n|\n|t:|1783403209\n|switch|p1a: Iron Valiant|Iron Valiant, L78|100/100\n|-activate|p1a: Iron Valiant|ability: Quark Drive\n|-start|p1a: Iron Valiant|quarkdriveatk\n|turn|16\n|inactive|Time left: 300 sec this turn | 300 sec total\n|\n|t:|1783403209\n|move|p1a: Iron Valiant|Spirit Break|p2a: Pincurchin\n|-damage|p2a: Pincurchin|0 fnt\n|faint|p2a: Pincurchin\n|-damage|p1a: Iron Valiant|91/100|[from] item: Life Orb\n|\n|upkeep\n|inactive|Time left: 300 sec this turn | 300 sec total | 5 sec grace\n|\n|t:|1783403209\n|switch|p2a: Tentacruel|Tentacruel, L84, F|219/272\n|turn|17\n|inactive|Time left: 300 sec this turn | 300 sec total\n|\n|t:|1783403210\n|-end|p1a: Iron Valiant|Quark Drive|[silent]\n|switch|p1a: Bastiodon|Bastiodon, L89, M|100/100\n|move|p2a: Tentacruel|Sludge Bomb|p1a: Bastiodon\n|-immune|p1a: Bastiodon\n|\n|-heal|p2a: Tentacruel|236/272|[from] item: Leftovers\n|-fieldend|move: Electric Terrain\n|upkeep\n|turn|18\n|inactive|Time left: 300 sec this turn | 300 sec total\n|\n|t:|1783403210\n|move|p2a: Tentacruel|Surf|p1a: Bastiodon\n|-supereffective|p1a: Bastiodon\n|-damage|p1a: Bastiodon|55/100\n|move|p1a: Bastiodon|Foul Play|p2a: Tentacruel\n|-damage|p2a: Tentacruel|170/272\n|\n|-heal|p2a: Tentacruel|187/272|[from] item: Leftovers\n|upkeep\n|turn|19\n|inactive|Time left: 300 sec this turn | 300 sec total\n|\n|t:|1783403210\n|move|p2a: Tentacruel|Surf|p1a: Bastiodon\n|-supereffective|p1a: Bastiodon\n|-damage|p1a: Bastiodon|15/100\n|move|p1a: Bastiodon|Rest|p1a: Bastiodon\n|-status|p1a: Bastiodon|slp|[from] move: Rest\n|-heal|p1a: Bastiodon|100/100 slp|[silent]\n|-enditem|p1a: Bastiodon|Chesto Berry|[eat]\n|-curestatus|p1a: Bastiodon|slp|[msg]\n|\n|-heal|p2a: Tentacruel|204/272|[from] item: Leftovers\n|upkeep\n|turn|20\n|inactive|Time left: 300 sec this turn | 300 sec total\n|\n|t:|1783403210\n|switch|p1a: Brute Bonnet|Brute Bonnet, L80|100/100\n|move|p2a: Tentacruel|Surf|p1a: Brute Bonnet\n|-resisted|p1a: Brute Bonnet\n|-damage|p1a: Brute Bonnet|88/100\n|\n|-heal|p2a: Tentacruel|221/272|[from] item: Leftovers\n|-heal|p1a: Brute Bonnet|94/100|[from] item: Leftovers\n|upkeep\n|turn|21\n|inactive|Time left: 300 sec this turn | 300 sec total\n|\n|t:|1783403211\n|move|p2a: Tentacruel|Sludge Bomb|p1a: Brute Bonnet\n|-supereffective|p1a: Brute Bonnet\n|-damage|p1a: Brute Bonnet|40/100\n|move|p1a: Brute Bonnet|Crunch|p2a: Tentacruel\n|-damage|p2a: Tentacruel|95/272\n|\n|-heal|p2a: Tentacruel|112/272|[from] item: Leftovers\n|-heal|p1a: Brute Bonnet|46/100|[from] item: Leftovers\n|upkeep\n|turn|22\n|inactive|Time left: 300 sec this turn | 300 sec total\n|\n|t:|1783403211\n|move|p1a: Brute Bonnet|Sucker Punch|p2a: Tentacruel\n|-damage|p2a: Tentacruel|3/272\n|move|p2a: Tentacruel|Sludge Bomb|p1a: Brute Bonnet\n|-supereffective|p1a: Brute Bonnet\n|-damage|p1a: Brute Bonnet|0 fnt\n|faint|p1a: Brute Bonnet\n|-end|p1a: Brute Bonnet|Protosynthesis|[silent]\n|\n|-heal|p2a: Tentacruel|20/272|[from] item: Leftovers\n|upkeep\n|\n|t:|1783403211\n|switch|p1a: Iron Valiant|Iron Valiant, L78|91/100\n|turn|23\n|inactive|Time left: 300 sec this turn | 300 sec total\n|\n|t:|1783403211\n|switch|p2a: Incineroar|Incineroar, L82, F|196/290\n|-ability|p2a: Incineroar|Intimidate|boost\n|-unboost|p1a: Iron Valiant|atk|1\n|move|p1a: Iron Valiant|Spirit Break|p2a: Incineroar\n|-damage|p2a: Incineroar|126/290\n|-unboost|p2a: Incineroar|spa|1\n|-damage|p1a: Iron Valiant|81/100|[from] item: Life Orb\n|\n|upkeep\n|turn|24\n|inactive|Time left: 300 sec this turn | 300 sec total\n|\n|t:|1783403212\n|move|p1a: Iron Valiant|Swords Dance|p1a: Iron Valiant\n|-boost|p1a: Iron Valiant|atk|2\n|move|p2a: Incineroar|Parting Shot|p1a: Iron Valiant\n|-unboost|p1a: Iron Valiant|atk|1\n|-unboost|p1a: Iron Valiant|spa|1\n|inactive|Time left: 300 sec this turn | 300 sec total | 5 sec grace\n|\n|t:|1783403212\n|switch|p2a: Vaporeon|Vaporeon, L86, M|364/364|[from] Parting Shot\n|\n|upkeep\n|turn|25\n|inactive|Time left: 300 sec this turn | 300 sec total\n|\n|t:|1783403212\n|move|p1a: Iron Valiant|Swords Dance|p1a: Iron Valiant\n|-boost|p1a: Iron Valiant|atk|2\n|move|p2a: Vaporeon|Scald|p1a: Iron Valiant\n|-damage|p1a: Iron Valiant|24/100\n|\n|upkeep\n|turn|26\n|inactive|Time left: 300 sec this turn | 300 sec total\n|\n|t:|1783403212\n|switch|p2a: Tentacruel|Tentacruel, L84, F|20/272\n|move|p1a: Iron Valiant|Close Combat|p2a: Tentacruel\n|-resisted|p2a: Tentacruel\n|-damage|p2a: Tentacruel|0 fnt\n|-unboost|p1a: Iron Valiant|def|1\n|-unboost|p1a: Iron Valiant|spd|1\n|faint|p2a: Tentacruel\n|-damage|p1a: Iron Valiant|14/100|[from] item: Life Orb\n|\n|upkeep\n|inactive|Time left: 300 sec this turn | 300 sec total | 5 sec grace\n|\n|t:|1783403213\n|switch|p2a: Lokix|Lokix, L82, F|251/251\n|turn|27\n|inactive|Time left: 300 sec this turn | 300 sec total\n|\n|t:|1783403213\n|-end|p1a: Iron Valiant|Quark Drive|[silent]\n|switch|p1a: Bastiodon|Bastiodon, L89, M|100/100\n|move|p2a: Lokix|Sucker Punch||[still]\n|-fail|p2a: Lokix\n|\n|upkeep\n|turn|28\n|inactive|Time left: 300 sec this turn | 300 sec total\n|\n|t:|1783403213\n|switch|p2a: Vaporeon|Vaporeon, L86, M|364/364\n|move|p1a: Bastiodon|Iron Defense|p1a: Bastiodon\n|-boost|p1a: Bastiodon|def|2\n|\n|upkeep\n|turn|29\n|inactive|Time left: 300 sec this turn | 300 sec total\n|\n|t:|1783403213\n|move|p2a: Vaporeon|Scald|p1a: Bastiodon\n|-supereffective|p1a: Bastiodon\n|-crit|p1a: Bastiodon\n|-damage|p1a: Bastiodon|28/100\n|-status|p1a: Bastiodon|brn\n|move|p1a: Bastiodon|Body Press|p2a: Vaporeon\n|-damage|p2a: Vaporeon|241/364\n|\n|-heal|p2a: Vaporeon|263/364|[from] item: Leftovers\n|-damage|p1a: Bastiodon|22/100 brn|[from] brn\n|upkeep\n|turn|30\n|inactive|Time left: 300 sec this turn | 300 sec total\n|\n|t:|1783403214\n|move|p2a: Vaporeon|Scald|p1a: Bastiodon\n|-supereffective|p1a: Bastiodon\n|-damage|p1a: Bastiodon|0 fnt\n|faint|p1a: Bastiodon\n|\n|-heal|p2a: Vaporeon|285/364|[from] item: Leftovers\n|upkeep\n|\n|t:|1783403214\n|switch|p1a: Iron Valiant|Iron Valiant, L78|14/100\n|turn|31\n|inactive|Time left: 300 sec this turn | 300 sec total\n|\n|t:|1783403214\n|-end|p1a: Iron Valiant|Quark Drive|[silent]\n|switch|p1a: Bellossom|Bellossom, L84, M, tera:Poison|18/100\n|move|p2a: Vaporeon|Scald|p1a: Bellossom\n|-damage|p1a: Bellossom|0 fnt\n|faint|p1a: Bellossom\n|\n|-heal|p2a: Vaporeon|307/364|[from] item: Leftovers\n|upkeep\n|\n|t:|1783403214\n|switch|p1a: Iron Valiant|Iron Valiant, L78|14/100\n|turn|32\n|inactive|Time left: 300 sec this turn | 300 sec total\n|\n|t:|1783403214\n|move|p1a: Iron Valiant|Swords Dance|p1a: Iron Valiant\n|-boost|p1a: Iron Valiant|atk|2\n|move|p2a: Vaporeon|Scald|p1a: Iron Valiant\n|-damage|p1a: Iron Valiant|0 fnt\n|faint|p1a: Iron Valiant\n|-end|p1a: Iron Valiant|Quark Drive|[silent]\n|\n|win|p0y008a5b8", "uploadtime": 1783403214, "views": 0, "rating": 0, "private": 0, "password": null, "_winner": "p0y008a5b8", "_our_name": "p0y008a5b8"}