{"id": "battle-gen9randombattle-146", "formatid": "gen9randombattle", "format": "[Gen 9] Random Battle", "players": ["p0x006c447", "p0y006d845"], "log": "|init|battle\n|title|p0x006c447 vs. p0y006d845\n|j|\u2606p0x006c447\n|j|\u2606p0y006d845\n|t:|1783403168\n|gametype|singles\n|player|p1|p0x006c447|1|\n|player|p2|p0y006d845|1|\n|gen|9\n|tier|[Gen 9] Random Battle\n|rule|Species Clause: Limit one of each Pok\u00e9mon\n|rule|HP Percentage Mod: HP is shown in percentages\n|rule|Sleep Clause Mod: Limit one foe put to sleep\n|rule|Illusion Level Mod: Illusion disguises the Pok\u00e9mon's true level\n|\n|t:|1783403168\n|teamsize|p1|6\n|teamsize|p2|6\n|start\n|switch|p1a: Spidops|Spidops, L96, F|100/100\n|switch|p2a: Vileplume|Vileplume, L85, M|266/266\n|turn|1\n|inactive|Battle timer is ON: inactive players will automatically lose when time's up. (requested by p0x006c447)\n|inactive|Time left: 300 sec this turn | 300 sec total | 60 sec grace\n|inactive|p0y006d845 also wants the timer to be on.\n|\n|t:|1783403168\n|move|p2a: Vileplume|Sleep Powder|p1a: Spidops\n|-status|p1a: Spidops|slp|[from] move: Sleep Powder\n|cant|p1a: Spidops|slp\n|\n|upkeep\n|turn|2\n|inactive|Time left: 300 sec this turn | 300 sec total\n|\n|t:|1783403169\n|move|p2a: Vileplume|Sludge Bomb|p1a: Spidops\n|-damage|p1a: Spidops|67/100 slp\n|cant|p1a: Spidops|slp\n|\n|upkeep\n|turn|3\n|inactive|Time left: 300 sec this turn | 300 sec total\n|\n|t:|1783403169\n|move|p2a: Vileplume|Sludge Bomb|p1a: Spidops\n|-damage|p1a: Spidops|28/100 slp\n|cant|p1a: Spidops|slp\n|\n|upkeep\n|turn|4\n|inactive|Time left: 300 sec this turn | 300 sec total\n|\n|t:|1783403169\n|switch|p1a: Swalot|Swalot, L90, M|100/100\n|move|p2a: Vileplume|Sludge Bomb|p1a: Swalot\n|-resisted|p1a: Swalot\n|-damage|p1a: Swalot|85/100\n|\n|-heal|p1a: Swalot|91/100|[from] item: Leftovers\n|upkeep\n|turn|5\n|inactive|Time left: 300 sec this turn | 300 sec total\n|\n|t:|1783403169\n|move|p1a: Swalot|Swords Dance|p1a: Swalot\n|-boost|p1a: Swalot|atk|2\n|move|p2a: Vileplume|Sludge Bomb|p1a: Swalot\n|-resisted|p1a: Swalot\n|-damage|p1a: Swalot|75/100\n|\n|-heal|p1a: Swalot|81/100|[from] item: Leftovers\n|upkeep\n|turn|6\n|inactive|Time left: 300 sec this turn | 300 sec total\n|\n|t:|1783403170\n|switch|p2a: Bastiodon|Bastiodon, L89, M|252/252\n|move|p1a: Swalot|Gunk Shot|p2a: Bastiodon\n|-immune|p2a: Bastiodon\n|\n|-heal|p1a: Swalot|87/100|[from] item: Leftovers\n|upkeep\n|turn|7\n|inactive|Time left: 300 sec this turn | 300 sec total\n|\n|t:|1783403170\n|-terastallize|p2a: Bastiodon|Fighting\n|move|p1a: Swalot|Earthquake|p2a: Bastiodon\n|-damage|p2a: Bastiodon|173/252\n|move|p2a: Bastiodon|Iron Defense|p2a: Bastiodon\n|-boost|p2a: Bastiodon|def|2\n|\n|-heal|p1a: Swalot|93/100|[from] item: Leftovers\n|upkeep\n|turn|8\n|inactive|Time left: 300 sec this turn | 300 sec total\n|\n|t:|1783403170\n|move|p1a: Swalot|Gunk Shot|p2a: Bastiodon\n|-damage|p2a: Bastiodon|101/252\n|move|p2a: Bastiodon|Body Press|p1a: Swalot\n|-resisted|p1a: Swalot\n|-damage|p1a: Swalot|52/100\n|\n|-heal|p1a: Swalot|58/100|[from] item: Leftovers\n|upkeep\n|turn|9\n|inactive|Time left: 300 sec this turn | 300 sec total\n|\n|t:|1783403170\n|move|p1a: Swalot|Gunk Shot|p2a: Bastiodon\n|-damage|p2a: Bastiodon|37/252\n|move|p2a: Bastiodon|Rest|p2a: Bastiodon\n|-status|p2a: Bastiodon|slp|[from] move: Rest\n|-heal|p2a: Bastiodon|252/252 slp|[silent]\n|-enditem|p2a: Bastiodon|Chesto Berry|[eat]\n|-curestatus|p2a: Bastiodon|slp|[msg]\n|\n|-heal|p1a: Swalot|64/100|[from] item: Leftovers\n|upkeep\n|turn|10\n|inactive|Time left: 300 sec this turn | 300 sec total\n|\n|t:|1783403171\n|move|p1a: Swalot|Gunk Shot|p2a: Bastiodon|[miss]\n|-miss|p1a: Swalot|p2a: Bastiodon\n|move|p2a: Bastiodon|Body Press|p1a: Swalot\n|-resisted|p1a: Swalot\n|-damage|p1a: Swalot|17/100\n|\n|-heal|p1a: Swalot|24/100|[from] item: Leftovers\n|upkeep\n|turn|11\n|inactive|Time left: 300 sec this turn | 300 sec total\n|\n|t:|1783403171\n|move|p1a: Swalot|Gunk Shot|p2a: Bastiodon\n|-damage|p2a: Bastiodon|188/252\n|-status|p2a: Bastiodon|psn\n|move|p2a: Bastiodon|Body Press|p1a: Swalot\n|-resisted|p1a: Swalot\n|-damage|p1a: Swalot|0 fnt\n|faint|p1a: Swalot\n|\n|-damage|p2a: Bastiodon|157/252 psn|[from] psn\n|upkeep\n|\n|t:|1783403171\n|switch|p1a: Spidops|Spidops, L96, F|28/100 slp\n|turn|12\n|inactive|Time left: 300 sec this turn | 300 sec total\n|\n|t:|1783403171\n|-curestatus|p1a: Spidops|slp|[msg]\n|move|p1a: Spidops|Sticky Web|p2a: Bastiodon\n|-sidestart|p2: p0y006d845|move: Sticky Web\n|move|p2a: Bastiodon|Body Press|p1a: Spidops\n|-resisted|p1a: Spidops\n|-damage|p1a: Spidops|0 fnt\n|faint|p1a: Spidops\n|\n|-damage|p2a: Bastiodon|126/252 psn|[from] psn\n|upkeep\n|\n|t:|1783403172\n|switch|p1a: Latios|Latios, L78, M|100/100\n|turn|13\n|inactive|Time left: 300 sec this turn | 300 sec total\n|\n|t:|1783403172\n|move|p1a: Latios|Calm Mind|p1a: Latios\n|-boost|p1a: Latios|spa|1\n|-boost|p1a: Latios|spd|1\n|move|p2a: Bastiodon|Body Press|p1a: Latios\n|-resisted|p1a: Latios\n|-damage|p1a: Latios|33/100\n|\n|-damage|p2a: Bastiodon|95/252 psn|[from] psn\n|upkeep\n|turn|14\n|inactive|Time left: 300 sec this turn | 300 sec total\n|\n|t:|1783403172\n|move|p1a: Latios|Psyshock|p2a: Bastiodon\n|-supereffective|p2a: Bastiodon\n|-damage|p2a: Bastiodon|0 fnt\n|faint|p2a: Bastiodon\n|\n|upkeep\n|inactive|Time left: 300 sec this turn | 300 sec total | 5 sec grace\n|\n|t:|1783403172\n|switch|p2a: Wo-Chien|Wo-Chien, L83|277/277\n|-activate|p2a: Wo-Chien|move: Sticky Web\n|-unboost|p2a: Wo-Chien|spe|1\n|-ability|p2a: Wo-Chien|Tablets of Ruin\n|turn|15\n|inactive|Time left: 300 sec this turn | 300 sec total\n|\n|t:|1783403173\n|move|p1a: Latios|Draco Meteor|p2a: Wo-Chien\n|-damage|p2a: Wo-Chien|94/277\n|-unboost|p1a: Latios|spa|2\n|move|p2a: Wo-Chien|Knock Off|p1a: Latios\n|-supereffective|p1a: Latios\n|-damage|p1a: Latios|0 fnt\n|-enditem|p1a: Latios|Soul Dew|[from] move: Knock Off|[of] p2a: Wo-Chien\n|faint|p1a: Latios\n|\n|-heal|p2a: Wo-Chien|111/277|[from] item: Leftovers\n|upkeep\n|\n|t:|1783403173\n|switch|p1a: Tsareena|Tsareena, L87, F|100/100\n|turn|16\n|inactive|Time left: 300 sec this turn | 300 sec total\n|\n|t:|1783403173\n|move|p2a: Wo-Chien|Protect|p2a: Wo-Chien\n|-singleturn|p2a: Wo-Chien|Protect\n|move|p1a: Tsareena|Triple Axel|p2a: Wo-Chien\n|-activate|p2a: Wo-Chien|move: Protect\n|\n|-heal|p2a: Wo-Chien|128/277|[from] item: Leftovers\n|upkeep\n|turn|17\n|inactive|Time left: 300 sec this turn | 300 sec total\n|\n|t:|1783403173\n|switch|p2a: Emboar|Emboar, L84, M|322/322\n|-activate|p2a: Emboar|move: Sticky Web\n|-unboost|p2a: Emboar|spe|1\n|move|p1a: Tsareena|Triple Axel|p2a: Emboar\n|-resisted|p2a: Emboar\n|-damage|p2a: Emboar|311/322\n|-resisted|p2a: Emboar\n|-damage|p2a: Emboar|289/322\n|-resisted|p2a: Emboar\n|-damage|p2a: Emboar|258/322\n|-hitcount|p2a: Emboar|3\n|\n|upkeep\n|turn|18\n|inactive|Time left: 300 sec this turn | 300 sec total\n|\n|t:|1783403174\n|switch|p1a: Kingdra|Kingdra, L84, F|100/100\n|move|p2a: Emboar|Close Combat|p1a: Kingdra\n|-damage|p1a: Kingdra|43/100\n|-unboost|p2a: Emboar|def|1\n|-unboost|p2a: Emboar|spd|1\n|\n|upkeep\n|turn|19\n|inactive|Time left: 300 sec this turn | 300 sec total\n|\n|t:|1783403174\n|move|p1a: Kingdra|Outrage|p2a: Emboar\n|-damage|p2a: Emboar|35/322\n|move|p2a: Emboar|Close Combat|p1a: Kingdra\n|-crit|p1a: Kingdra\n|-damage|p1a: Kingdra|0 fnt\n|-unboost|p2a: Emboar|def|1\n|-unboost|p2a: Emboar|spd|1\n|faint|p1a: Kingdra\n|\n|upkeep\n|\n|t:|1783403174\n|switch|p1a: Tsareena|Tsareena, L87, F|100/100\n|turn|20\n|inactive|Time left: 300 sec this turn | 300 sec total\n|\n|t:|1783403174\n|switch|p2a: Chi-Yu|Chi-Yu, L77|211/211\n|-ability|p2a: Chi-Yu|Beads of Ruin\n|move|p1a: Tsareena|Rapid Spin|p2a: Chi-Yu\n|-damage|p2a: Chi-Yu|156/211\n|-boost|p1a: Tsareena|spe|1\n|\n|upkeep\n|turn|21\n|inactive|Time left: 300 sec this turn | 300 sec total\n|\n|t:|1783403175\n|switch|p2a: Vileplume|Vileplume, L85, M|266/266\n|-activate|p2a: Vileplume|move: Sticky Web\n|-unboost|p2a: Vileplume|spe|1\n|move|p1a: Tsareena|High Jump Kick|p2a: Vileplume\n|-resisted|p2a: Vileplume\n|-damage|p2a: Vileplume|207/266\n|\n|-heal|p2a: Vileplume|223/266|[from] item: Leftovers\n|upkeep\n|turn|22\n|inactive|Time left: 300 sec this turn | 300 sec total\n|\n|t:|1783403175\n|move|p1a: Tsareena|Rapid Spin|p2a: Vileplume\n|-damage|p2a: Vileplume|180/266\n|-boost|p1a: Tsareena|spe|1\n|move|p2a: Vileplume|Strength Sap|p1a: Tsareena\n|-unboost|p1a: Tsareena|atk|1\n|-heal|p2a: Vileplume|266/266\n|\n|upkeep\n|turn|23\n|inactive|Time left: 300 sec this turn | 300 sec total\n|\n|t:|1783403175\n|move|p1a: Tsareena|Triple Axel|p2a: Vileplume\n|-supereffective|p2a: Vileplume\n|-damage|p2a: Vileplume|242/266\n|-supereffective|p2a: Vileplume\n|-damage|p2a: Vileplume|196/266\n|-supereffective|p2a: Vileplume\n|-damage|p2a: Vileplume|124/266\n|-hitcount|p2a: Vileplume|3\n|move|p2a: Vileplume|Strength Sap|p1a: Tsareena\n|-unboost|p1a: Tsareena|atk|1\n|-heal|p2a: Vileplume|266/266\n|\n|upkeep\n|turn|24\n|inactive|Time left: 300 sec this turn | 300 sec total\n|\n|t:|1783403175\n|move|p1a: Tsareena|Triple Axel|p2a: Vileplume\n|-supereffective|p2a: Vileplume\n|-damage|p2a: Vileplume|246/266\n|-supereffective|p2a: Vileplume\n|-damage|p2a: Vileplume|206/266\n|-supereffective|p2a: Vileplume\n|-damage|p2a: Vileplume|154/266\n|-hitcount|p2a: Vileplume|3\n|move|p2a: Vileplume|Sludge Bomb|p1a: Tsareena\n|-supereffective|p1a: Tsareena\n|-damage|p1a: Tsareena|48/100\n|\n|-heal|p2a: Vileplume|170/266|[from] item: Leftovers\n|upkeep\n|turn|25\n|inactive|Time left: 300 sec this turn | 300 sec total\n|\n|t:|1783403176\n|move|p1a: Tsareena|Triple Axel|p2a: Vileplume\n|-supereffective|p2a: Vileplume\n|-damage|p2a: Vileplume|150/266\n|-supereffective|p2a: Vileplume\n|-damage|p2a: Vileplume|110/266\n|-supereffective|p2a: Vileplume\n|-damage|p2a: Vileplume|56/266\n|-hitcount|p2a: Vileplume|3\n|move|p2a: Vileplume|Strength Sap|p1a: Tsareena\n|-unboost|p1a: Tsareena|atk|1\n|-heal|p2a: Vileplume|185/266\n|\n|-heal|p2a: Vileplume|201/266|[from] item: Leftovers\n|upkeep\n|turn|26\n|inactive|Time left: 300 sec this turn | 300 sec total\n|\n|t:|1783403176\n|move|p1a: Tsareena|Triple Axel|p2a: Vileplume\n|-supereffective|p2a: Vileplume\n|-damage|p2a: Vileplume|185/266\n|-supereffective|p2a: Vileplume\n|-damage|p2a: Vileplume|157/266\n|-hitcount|p2a: Vileplume|2\n|move|p2a: Vileplume|Sludge Bomb|p1a: Tsareena\n|-supereffective|p1a: Tsareena\n|-damage|p1a: Tsareena|0 fnt\n|faint|p1a: Tsareena\n|\n|-heal|p2a: Vileplume|173/266|[from] item: Leftovers\n|upkeep\n|\n|t:|1783403176\n|switch|p1a: Keldeo|Keldeo-Resolute, L79|100/100\n|turn|27\n|inactive|Time left: 300 sec this turn | 300 sec total\n|\n|t:|1783403176\n|move|p1a: Keldeo|Air Slash|p2a: Vileplume\n|-supereffective|p2a: Vileplume\n|-damage|p2a: Vileplume|0 fnt\n|faint|p2a: Vileplume\n|\n|upkeep\n|inactive|Time left: 300 sec this turn | 300 sec total | 5 sec grace\n|\n|t:|1783403177\n|switch|p2a: Deoxys|Deoxys-Defense, L84|221/221\n|-activate|p2a: Deoxys|move: Sticky Web\n|-unboost|p2a: Deoxys|spe|1\n|-ability|p2a: Deoxys|Pressure\n|turn|28\n|inactive|Time left: 300 sec this turn | 300 sec total\n|\n|t:|1783403177\n|move|p1a: Keldeo|Air Slash|p2a: Deoxys\n|-damage|p2a: Deoxys|169/221\n|move|p2a: Deoxys|Cosmic Power|p2a: Deoxys\n|-boost|p2a: Deoxys|def|1\n|-boost|p2a: Deoxys|spd|1\n|\n|-heal|p2a: Deoxys|182/221|[from] item: Leftovers\n|upkeep\n|turn|29\n|inactive|Time left: 300 sec this turn | 300 sec total\n|\n|t:|1783403177\n|move|p1a: Keldeo|Air Slash|p2a: Deoxys\n|-damage|p2a: Deoxys|148/221\n|cant|p2a: Deoxys|flinch\n|\n|-heal|p2a: Deoxys|161/221|[from] item: Leftovers\n|upkeep\n|turn|30\n|inactive|Time left: 300 sec this turn | 300 sec total\n|\n|t:|1783403177\n|move|p1a: Keldeo|Air Slash|p2a: Deoxys\n|-damage|p2a: Deoxys|127/221\n|move|p2a: Deoxys|Stored Power|p1a: Keldeo\n|-supereffective|p1a: Keldeo\n|-crit|p1a: Keldeo\n|-damage|p1a: Keldeo|39/100\n|\n|-heal|p2a: Deoxys|140/221|[from] item: Leftovers\n|upkeep\n|turn|31\n|inactive|Time left: 300 sec this turn | 300 sec total\n|\n|t:|1783403178\n|move|p1a: Keldeo|Air Slash|p2a: Deoxys\n|-damage|p2a: Deoxys|102/221\n|move|p2a: Deoxys|Stored Power|p1a: Keldeo\n|-supereffective|p1a: Keldeo\n|-damage|p1a: Keldeo|0 fnt\n|faint|p1a: Keldeo\n|\n|win|p0y006d845", "uploadtime": 1783403178, "views": 0, "rating": 0, "private": 0, "password": null, "_winner": "p0y006d845", "_our_name": "p0y006d845"}